%YAML 1.1
%TAG !u! tag:unity3d.com,2011:
--- !u!1 &805363515699218877
GameObject:
  m_ObjectHideFlags: 0
  m_CorrespondingSourceObject: {fileID: 0}
  m_PrefabInstance: {fileID: 0}
  m_PrefabAsset: {fileID: 0}
  serializedVersion: 6
  m_Component:
  - component: {fileID: 1875978694907173987}
  m_Layer: 0
  m_Name: Flame Holes
  m_TagString: Untagged
  m_Icon: {fileID: 0}
  m_NavMeshLayer: 0
  m_StaticEditorFlags: 0
  m_IsActive: 1
--- !u!4 &1875978694907173987
Transform:
  m_ObjectHideFlags: 0
  m_CorrespondingSourceObject: {fileID: 0}
  m_PrefabInstance: {fileID: 0}
  m_PrefabAsset: {fileID: 0}
  m_GameObject: {fileID: 805363515699218877}
  m_LocalRotation: {x: 0, y: 0, z: 0, w: 1}
  m_LocalPosition: {x: 0, y: 0, z: 0}
  m_LocalScale: {x: 1, y: 1, z: 1}
  m_ConstrainProportionsScale: 0
  m_Children:
  - {fileID: 3898820449294906489}
  - {fileID: 3396472844011790001}
  - {fileID: 646038229244449574}
  - {fileID: 3285272237952240551}
  - {fileID: 2788797209482533721}
  - {fileID: 8623254799447365039}
  - {fileID: 5384227627739138334}
  - {fileID: 2842909760337410226}
  - {fileID: 9064607462334771112}
  - {fileID: 4726433772662419538}
  - {fileID: 8202777515898624526}
  - {fileID: 1217574120311172059}
  m_Father: {fileID: 0}
  m_RootOrder: 0
  m_LocalEulerAnglesHint: {x: 0, y: 0, z: 0}
--- !u!1001 &102690791296677609
PrefabInstance:
  m_ObjectHideFlags: 0
  serializedVersion: 2
  m_Modification:
    m_TransformParent: {fileID: 1875978694907173987}
    m_Modifications:
    - target: {fileID: 2948833439364926235, guid: 1cb1a1ab039a07440b986d818dafd5e5, type: 3}
      propertyPath: m_Mesh
      value: 
      objectReference: {fileID: 0}
    - target: {fileID: 2948833439364926235, guid: 1cb1a1ab039a07440b986d818dafd5e5, type: 3}
      propertyPath: m_VersionIndex
      value: 854
      objectReference: {fileID: 0}
    - target: {fileID: 2969222890750557608, guid: 1cb1a1ab039a07440b986d818dafd5e5, type: 3}
      propertyPath: m_Mesh
      value: 
      objectReference: {fileID: 0}
    - target: {fileID: 3669724902426012215, guid: 1cb1a1ab039a07440b986d818dafd5e5, type: 3}
      propertyPath: m_Name
      value: Flame Hole (9)
      objectReference: {fileID: 0}
    - target: {fileID: 4682475611166525115, guid: 1cb1a1ab039a07440b986d818dafd5e5, type: 3}
      propertyPath: m_RootOrder
      value: 9
      objectReference: {fileID: 0}
    - target: {fileID: 4682475611166525115, guid: 1cb1a1ab039a07440b986d818dafd5e5, type: 3}
      propertyPath: m_LocalPosition.x
      value: -1.28
      objectReference: {fileID: 0}
    - target: {fileID: 4682475611166525115, guid: 1cb1a1ab039a07440b986d818dafd5e5, type: 3}
      propertyPath: m_LocalPosition.y
      value: 9.51
      objectReference: {fileID: 0}
    - target: {fileID: 4682475611166525115, guid: 1cb1a1ab039a07440b986d818dafd5e5, type: 3}
      propertyPath: m_LocalPosition.z
      value: 0
      objectReference: {fileID: 0}
    - target: {fileID: 4682475611166525115, guid: 1cb1a1ab039a07440b986d818dafd5e5, type: 3}
      propertyPath: m_LocalRotation.w
      value: 0.7071068
      objectReference: {fileID: 0}
    - target: {fileID: 4682475611166525115, guid: 1cb1a1ab039a07440b986d818dafd5e5, type: 3}
      propertyPath: m_LocalRotation.x
      value: -0
      objectReference: {fileID: 0}
    - target: {fileID: 4682475611166525115, guid: 1cb1a1ab039a07440b986d818dafd5e5, type: 3}
      propertyPath: m_LocalRotation.y
      value: -0
      objectReference: {fileID: 0}
    - target: {fileID: 4682475611166525115, guid: 1cb1a1ab039a07440b986d818dafd5e5, type: 3}
      propertyPath: m_LocalRotation.z
      value: 0.7071068
      objectReference: {fileID: 0}
    - target: {fileID: 4682475611166525115, guid: 1cb1a1ab039a07440b986d818dafd5e5, type: 3}
      propertyPath: m_LocalEulerAnglesHint.x
      value: 0
      objectReference: {fileID: 0}
    - target: {fileID: 4682475611166525115, guid: 1cb1a1ab039a07440b986d818dafd5e5, type: 3}
      propertyPath: m_LocalEulerAnglesHint.y
      value: 0
      objectReference: {fileID: 0}
    - target: {fileID: 4682475611166525115, guid: 1cb1a1ab039a07440b986d818dafd5e5, type: 3}
      propertyPath: m_LocalEulerAnglesHint.z
      value: 90
      objectReference: {fileID: 0}
    - target: {fileID: 5261204232954717816, guid: 1cb1a1ab039a07440b986d818dafd5e5, type: 3}
      propertyPath: m_Mesh
      value: 
      objectReference: {fileID: 0}
    m_RemovedComponents: []
  m_SourcePrefab: {fileID: 100100000, guid: 1cb1a1ab039a07440b986d818dafd5e5, type: 3}
--- !u!4 &4726433772662419538 stripped
Transform:
  m_CorrespondingSourceObject: {fileID: 4682475611166525115, guid: 1cb1a1ab039a07440b986d818dafd5e5, type: 3}
  m_PrefabInstance: {fileID: 102690791296677609}
  m_PrefabAsset: {fileID: 0}
--- !u!1001 &739681339304742821
PrefabInstance:
  m_ObjectHideFlags: 0
  serializedVersion: 2
  m_Modification:
    m_TransformParent: {fileID: 1875978694907173987}
    m_Modifications:
    - target: {fileID: 2948833439364926235, guid: 1cb1a1ab039a07440b986d818dafd5e5, type: 3}
      propertyPath: m_Mesh
      value: 
      objectReference: {fileID: 0}
    - target: {fileID: 2948833439364926235, guid: 1cb1a1ab039a07440b986d818dafd5e5, type: 3}
      propertyPath: m_VersionIndex
      value: 854
      objectReference: {fileID: 0}
    - target: {fileID: 2969222890750557608, guid: 1cb1a1ab039a07440b986d818dafd5e5, type: 3}
      propertyPath: m_Mesh
      value: 
      objectReference: {fileID: 0}
    - target: {fileID: 3669724902426012215, guid: 1cb1a1ab039a07440b986d818dafd5e5, type: 3}
      propertyPath: m_Name
      value: Flame Hole (6)
      objectReference: {fileID: 0}
    - target: {fileID: 4682475611166525115, guid: 1cb1a1ab039a07440b986d818dafd5e5, type: 3}
      propertyPath: m_RootOrder
      value: 6
      objectReference: {fileID: 0}
    - target: {fileID: 4682475611166525115, guid: 1cb1a1ab039a07440b986d818dafd5e5, type: 3}
      propertyPath: m_LocalPosition.x
      value: -1.28
      objectReference: {fileID: 0}
    - target: {fileID: 4682475611166525115, guid: 1cb1a1ab039a07440b986d818dafd5e5, type: 3}
      propertyPath: m_LocalPosition.y
      value: 8.1
      objectReference: {fileID: 0}
    - target: {fileID: 4682475611166525115, guid: 1cb1a1ab039a07440b986d818dafd5e5, type: 3}
      propertyPath: m_LocalPosition.z
      value: 2
      objectReference: {fileID: 0}
    - target: {fileID: 4682475611166525115, guid: 1cb1a1ab039a07440b986d818dafd5e5, type: 3}
      propertyPath: m_LocalRotation.w
      value: 0.7071068
      objectReference: {fileID: 0}
    - target: {fileID: 4682475611166525115, guid: 1cb1a1ab039a07440b986d818dafd5e5, type: 3}
      propertyPath: m_LocalRotation.x
      value: -0
      objectReference: {fileID: 0}
    - target: {fileID: 4682475611166525115, guid: 1cb1a1ab039a07440b986d818dafd5e5, type: 3}
      propertyPath: m_LocalRotation.y
      value: -0
      objectReference: {fileID: 0}
    - target: {fileID: 4682475611166525115, guid: 1cb1a1ab039a07440b986d818dafd5e5, type: 3}
      propertyPath: m_LocalRotation.z
      value: 0.7071068
      objectReference: {fileID: 0}
    - target: {fileID: 4682475611166525115, guid: 1cb1a1ab039a07440b986d818dafd5e5, type: 3}
      propertyPath: m_LocalEulerAnglesHint.x
      value: 0
      objectReference: {fileID: 0}
    - target: {fileID: 4682475611166525115, guid: 1cb1a1ab039a07440b986d818dafd5e5, type: 3}
      propertyPath: m_LocalEulerAnglesHint.y
      value: 0
      objectReference: {fileID: 0}
    - target: {fileID: 4682475611166525115, guid: 1cb1a1ab039a07440b986d818dafd5e5, type: 3}
      propertyPath: m_LocalEulerAnglesHint.z
      value: 90
      objectReference: {fileID: 0}
    - target: {fileID: 5261204232954717816, guid: 1cb1a1ab039a07440b986d818dafd5e5, type: 3}
      propertyPath: m_Mesh
      value: 
      objectReference: {fileID: 0}
    m_RemovedComponents: []
  m_SourcePrefab: {fileID: 100100000, guid: 1cb1a1ab039a07440b986d818dafd5e5, type: 3}
--- !u!4 &5384227627739138334 stripped
Transform:
  m_CorrespondingSourceObject: {fileID: 4682475611166525115, guid: 1cb1a1ab039a07440b986d818dafd5e5, type: 3}
  m_PrefabInstance: {fileID: 739681339304742821}
  m_PrefabAsset: {fileID: 0}
--- !u!1001 &3543594527634758837
PrefabInstance:
  m_ObjectHideFlags: 0
  serializedVersion: 2
  m_Modification:
    m_TransformParent: {fileID: 1875978694907173987}
    m_Modifications:
    - target: {fileID: 2948833439364926235, guid: 1cb1a1ab039a07440b986d818dafd5e5, type: 3}
      propertyPath: m_Mesh
      value: 
      objectReference: {fileID: 0}
    - target: {fileID: 2948833439364926235, guid: 1cb1a1ab039a07440b986d818dafd5e5, type: 3}
      propertyPath: m_VersionIndex
      value: 857
      objectReference: {fileID: 0}
    - target: {fileID: 2969222890750557608, guid: 1cb1a1ab039a07440b986d818dafd5e5, type: 3}
      propertyPath: m_Mesh
      value: 
      objectReference: {fileID: 0}
    - target: {fileID: 3669724902426012215, guid: 1cb1a1ab039a07440b986d818dafd5e5, type: 3}
      propertyPath: m_Name
      value: Flame Hole (10)
      objectReference: {fileID: 0}
    - target: {fileID: 4682475611166525115, guid: 1cb1a1ab039a07440b986d818dafd5e5, type: 3}
      propertyPath: m_RootOrder
      value: 10
      objectReference: {fileID: 0}
    - target: {fileID: 4682475611166525115, guid: 1cb1a1ab039a07440b986d818dafd5e5, type: 3}
      propertyPath: m_LocalPosition.x
      value: -1.28
      objectReference: {fileID: 0}
    - target: {fileID: 4682475611166525115, guid: 1cb1a1ab039a07440b986d818dafd5e5, type: 3}
      propertyPath: m_LocalPosition.y
      value: 9.51
      objectReference: {fileID: 0}
    - target: {fileID: 4682475611166525115, guid: 1cb1a1ab039a07440b986d818dafd5e5, type: 3}
      propertyPath: m_LocalPosition.z
      value: 2
      objectReference: {fileID: 0}
    - target: {fileID: 4682475611166525115, guid: 1cb1a1ab039a07440b986d818dafd5e5, type: 3}
      propertyPath: m_LocalRotation.w
      value: 0.7071068
      objectReference: {fileID: 0}
    - target: {fileID: 4682475611166525115, guid: 1cb1a1ab039a07440b986d818dafd5e5, type: 3}
      propertyPath: m_LocalRotation.x
      value: -0
      objectReference: {fileID: 0}
    - target: {fileID: 4682475611166525115, guid: 1cb1a1ab039a07440b986d818dafd5e5, type: 3}
      propertyPath: m_LocalRotation.y
      value: -0
      objectReference: {fileID: 0}
    - target: {fileID: 4682475611166525115, guid: 1cb1a1ab039a07440b986d818dafd5e5, type: 3}
      propertyPath: m_LocalRotation.z
      value: 0.7071068
      objectReference: {fileID: 0}
    - target: {fileID: 4682475611166525115, guid: 1cb1a1ab039a07440b986d818dafd5e5, type: 3}
      propertyPath: m_LocalEulerAnglesHint.x
      value: 0
      objectReference: {fileID: 0}
    - target: {fileID: 4682475611166525115, guid: 1cb1a1ab039a07440b986d818dafd5e5, type: 3}
      propertyPath: m_LocalEulerAnglesHint.y
      value: 0
      objectReference: {fileID: 0}
    - target: {fileID: 4682475611166525115, guid: 1cb1a1ab039a07440b986d818dafd5e5, type: 3}
      propertyPath: m_LocalEulerAnglesHint.z
      value: 90
      objectReference: {fileID: 0}
    - target: {fileID: 5261204232954717816, guid: 1cb1a1ab039a07440b986d818dafd5e5, type: 3}
      propertyPath: m_Mesh
      value: 
      objectReference: {fileID: 0}
    m_RemovedComponents: []
  m_SourcePrefab: {fileID: 100100000, guid: 1cb1a1ab039a07440b986d818dafd5e5, type: 3}
--- !u!4 &8202777515898624526 stripped
Transform:
  m_CorrespondingSourceObject: {fileID: 4682475611166525115, guid: 1cb1a1ab039a07440b986d818dafd5e5, type: 3}
  m_PrefabInstance: {fileID: 3543594527634758837}
  m_PrefabAsset: {fileID: 0}
--- !u!1001 &3985837742830179092
PrefabInstance:
  m_ObjectHideFlags: 0
  serializedVersion: 2
  m_Modification:
    m_TransformParent: {fileID: 1875978694907173987}
    m_Modifications:
    - target: {fileID: 2948833439364926235, guid: 1cb1a1ab039a07440b986d818dafd5e5, type: 3}
      propertyPath: m_Mesh
      value: 
      objectReference: {fileID: 0}
    - target: {fileID: 2948833439364926235, guid: 1cb1a1ab039a07440b986d818dafd5e5, type: 3}
      propertyPath: m_VersionIndex
      value: 851
      objectReference: {fileID: 0}
    - target: {fileID: 2969222890750557608, guid: 1cb1a1ab039a07440b986d818dafd5e5, type: 3}
      propertyPath: m_Mesh
      value: 
      objectReference: {fileID: 0}
    - target: {fileID: 3669724902426012215, guid: 1cb1a1ab039a07440b986d818dafd5e5, type: 3}
      propertyPath: m_Name
      value: Flame Hole (5)
      objectReference: {fileID: 0}
    - target: {fileID: 4682475611166525115, guid: 1cb1a1ab039a07440b986d818dafd5e5, type: 3}
      propertyPath: m_RootOrder
      value: 5
      objectReference: {fileID: 0}
    - target: {fileID: 4682475611166525115, guid: 1cb1a1ab039a07440b986d818dafd5e5, type: 3}
      propertyPath: m_LocalPosition.x
      value: -1.28
      objectReference: {fileID: 0}
    - target: {fileID: 4682475611166525115, guid: 1cb1a1ab039a07440b986d818dafd5e5, type: 3}
      propertyPath: m_LocalPosition.y
      value: 8.1
      objectReference: {fileID: 0}
    - target: {fileID: 4682475611166525115, guid: 1cb1a1ab039a07440b986d818dafd5e5, type: 3}
      propertyPath: m_LocalPosition.z
      value: 0
      objectReference: {fileID: 0}
    - target: {fileID: 4682475611166525115, guid: 1cb1a1ab039a07440b986d818dafd5e5, type: 3}
      propertyPath: m_LocalRotation.w
      value: 0.7071068
      objectReference: {fileID: 0}
    - target: {fileID: 4682475611166525115, guid: 1cb1a1ab039a07440b986d818dafd5e5, type: 3}
      propertyPath: m_LocalRotation.x
      value: -0
      objectReference: {fileID: 0}
    - target: {fileID: 4682475611166525115, guid: 1cb1a1ab039a07440b986d818dafd5e5, type: 3}
      propertyPath: m_LocalRotation.y
      value: -0
      objectReference: {fileID: 0}
    - target: {fileID: 4682475611166525115, guid: 1cb1a1ab039a07440b986d818dafd5e5, type: 3}
      propertyPath: m_LocalRotation.z
      value: 0.7071068
      objectReference: {fileID: 0}
    - target: {fileID: 4682475611166525115, guid: 1cb1a1ab039a07440b986d818dafd5e5, type: 3}
      propertyPath: m_LocalEulerAnglesHint.x
      value: 0
      objectReference: {fileID: 0}
    - target: {fileID: 4682475611166525115, guid: 1cb1a1ab039a07440b986d818dafd5e5, type: 3}
      propertyPath: m_LocalEulerAnglesHint.y
      value: 0
      objectReference: {fileID: 0}
    - target: {fileID: 4682475611166525115, guid: 1cb1a1ab039a07440b986d818dafd5e5, type: 3}
      propertyPath: m_LocalEulerAnglesHint.z
      value: 90
      objectReference: {fileID: 0}
    - target: {fileID: 5261204232954717816, guid: 1cb1a1ab039a07440b986d818dafd5e5, type: 3}
      propertyPath: m_Mesh
      value: 
      objectReference: {fileID: 0}
    m_RemovedComponents: []
  m_SourcePrefab: {fileID: 100100000, guid: 1cb1a1ab039a07440b986d818dafd5e5, type: 3}
--- !u!4 &8623254799447365039 stripped
Transform:
  m_CorrespondingSourceObject: {fileID: 4682475611166525115, guid: 1cb1a1ab039a07440b986d818dafd5e5, type: 3}
  m_PrefabInstance: {fileID: 3985837742830179092}
  m_PrefabAsset: {fileID: 0}
--- !u!1001 &4409176556427241747
PrefabInstance:
  m_ObjectHideFlags: 0
  serializedVersion: 2
  m_Modification:
    m_TransformParent: {fileID: 1875978694907173987}
    m_Modifications:
    - target: {fileID: 2948833439364926235, guid: 1cb1a1ab039a07440b986d818dafd5e5, type: 3}
      propertyPath: m_Mesh
      value: 
      objectReference: {fileID: 0}
    - target: {fileID: 2948833439364926235, guid: 1cb1a1ab039a07440b986d818dafd5e5, type: 3}
      propertyPath: m_VersionIndex
      value: 851
      objectReference: {fileID: 0}
    - target: {fileID: 2969222890750557608, guid: 1cb1a1ab039a07440b986d818dafd5e5, type: 3}
      propertyPath: m_Mesh
      value: 
      objectReference: {fileID: 0}
    - target: {fileID: 3669724902426012215, guid: 1cb1a1ab039a07440b986d818dafd5e5, type: 3}
      propertyPath: m_Name
      value: Flame Hole (8)
      objectReference: {fileID: 0}
    - target: {fileID: 4682475611166525115, guid: 1cb1a1ab039a07440b986d818dafd5e5, type: 3}
      propertyPath: m_RootOrder
      value: 8
      objectReference: {fileID: 0}
    - target: {fileID: 4682475611166525115, guid: 1cb1a1ab039a07440b986d818dafd5e5, type: 3}
      propertyPath: m_LocalPosition.x
      value: -1.28
      objectReference: {fileID: 0}
    - target: {fileID: 4682475611166525115, guid: 1cb1a1ab039a07440b986d818dafd5e5, type: 3}
      propertyPath: m_LocalPosition.y
      value: 9.51
      objectReference: {fileID: 0}
    - target: {fileID: 4682475611166525115, guid: 1cb1a1ab039a07440b986d818dafd5e5, type: 3}
      propertyPath: m_LocalPosition.z
      value: -2
      objectReference: {fileID: 0}
    - target: {fileID: 4682475611166525115, guid: 1cb1a1ab039a07440b986d818dafd5e5, type: 3}
      propertyPath: m_LocalRotation.w
      value: 0.7071068
      objectReference: {fileID: 0}
    - target: {fileID: 4682475611166525115, guid: 1cb1a1ab039a07440b986d818dafd5e5, type: 3}
      propertyPath: m_LocalRotation.x
      value: -0
      objectReference: {fileID: 0}
    - target: {fileID: 4682475611166525115, guid: 1cb1a1ab039a07440b986d818dafd5e5, type: 3}
      propertyPath: m_LocalRotation.y
      value: -0
      objectReference: {fileID: 0}
    - target: {fileID: 4682475611166525115, guid: 1cb1a1ab039a07440b986d818dafd5e5, type: 3}
      propertyPath: m_LocalRotation.z
      value: 0.7071068
      objectReference: {fileID: 0}
    - target: {fileID: 4682475611166525115, guid: 1cb1a1ab039a07440b986d818dafd5e5, type: 3}
      propertyPath: m_LocalEulerAnglesHint.x
      value: 0
      objectReference: {fileID: 0}
    - target: {fileID: 4682475611166525115, guid: 1cb1a1ab039a07440b986d818dafd5e5, type: 3}
      propertyPath: m_LocalEulerAnglesHint.y
      value: 0
      objectReference: {fileID: 0}
    - target: {fileID: 4682475611166525115, guid: 1cb1a1ab039a07440b986d818dafd5e5, type: 3}
      propertyPath: m_LocalEulerAnglesHint.z
      value: 90
      objectReference: {fileID: 0}
    - target: {fileID: 5261204232954717816, guid: 1cb1a1ab039a07440b986d818dafd5e5, type: 3}
      propertyPath: m_Mesh
      value: 
      objectReference: {fileID: 0}
    m_RemovedComponents: []
  m_SourcePrefab: {fileID: 100100000, guid: 1cb1a1ab039a07440b986d818dafd5e5, type: 3}
--- !u!4 &9064607462334771112 stripped
Transform:
  m_CorrespondingSourceObject: {fileID: 4682475611166525115, guid: 1cb1a1ab039a07440b986d818dafd5e5, type: 3}
  m_PrefabInstance: {fileID: 4409176556427241747}
  m_PrefabAsset: {fileID: 0}
--- !u!1001 &5191610897213347229
PrefabInstance:
  m_ObjectHideFlags: 0
  serializedVersion: 2
  m_Modification:
    m_TransformParent: {fileID: 1875978694907173987}
    m_Modifications:
    - target: {fileID: 2948833439364926235, guid: 1cb1a1ab039a07440b986d818dafd5e5, type: 3}
      propertyPath: m_Mesh
      value: 
      objectReference: {fileID: 0}
    - target: {fileID: 2948833439364926235, guid: 1cb1a1ab039a07440b986d818dafd5e5, type: 3}
      propertyPath: m_VersionIndex
      value: 851
      objectReference: {fileID: 0}
    - target: {fileID: 2969222890750557608, guid: 1cb1a1ab039a07440b986d818dafd5e5, type: 3}
      propertyPath: m_Mesh
      value: 
      objectReference: {fileID: 0}
    - target: {fileID: 3669724902426012215, guid: 1cb1a1ab039a07440b986d818dafd5e5, type: 3}
      propertyPath: m_Name
      value: Flame Hole (2)
      objectReference: {fileID: 0}
    - target: {fileID: 4682475611166525115, guid: 1cb1a1ab039a07440b986d818dafd5e5, type: 3}
      propertyPath: m_RootOrder
      value: 2
      objectReference: {fileID: 0}
    - target: {fileID: 4682475611166525115, guid: 1cb1a1ab039a07440b986d818dafd5e5, type: 3}
      propertyPath: m_LocalPosition.x
      value: -1.28
      objectReference: {fileID: 0}
    - target: {fileID: 4682475611166525115, guid: 1cb1a1ab039a07440b986d818dafd5e5, type: 3}
      propertyPath: m_LocalPosition.y
      value: 6.73
      objectReference: {fileID: 0}
    - target: {fileID: 4682475611166525115, guid: 1cb1a1ab039a07440b986d818dafd5e5, type: 3}
      propertyPath: m_LocalPosition.z
      value: 2
      objectReference: {fileID: 0}
    - target: {fileID: 4682475611166525115, guid: 1cb1a1ab039a07440b986d818dafd5e5, type: 3}
      propertyPath: m_LocalRotation.w
      value: 0.7071068
      objectReference: {fileID: 0}
    - target: {fileID: 4682475611166525115, guid: 1cb1a1ab039a07440b986d818dafd5e5, type: 3}
      propertyPath: m_LocalRotation.x
      value: -0
      objectReference: {fileID: 0}
    - target: {fileID: 4682475611166525115, guid: 1cb1a1ab039a07440b986d818dafd5e5, type: 3}
      propertyPath: m_LocalRotation.y
      value: -0
      objectReference: {fileID: 0}
    - target: {fileID: 4682475611166525115, guid: 1cb1a1ab039a07440b986d818dafd5e5, type: 3}
      propertyPath: m_LocalRotation.z
      value: 0.7071068
      objectReference: {fileID: 0}
    - target: {fileID: 4682475611166525115, guid: 1cb1a1ab039a07440b986d818dafd5e5, type: 3}
      propertyPath: m_LocalEulerAnglesHint.x
      value: 0
      objectReference: {fileID: 0}
    - target: {fileID: 4682475611166525115, guid: 1cb1a1ab039a07440b986d818dafd5e5, type: 3}
      propertyPath: m_LocalEulerAnglesHint.y
      value: 0
      objectReference: {fileID: 0}
    - target: {fileID: 4682475611166525115, guid: 1cb1a1ab039a07440b986d818dafd5e5, type: 3}
      propertyPath: m_LocalEulerAnglesHint.z
      value: 90
      objectReference: {fileID: 0}
    - target: {fileID: 5261204232954717816, guid: 1cb1a1ab039a07440b986d818dafd5e5, type: 3}
      propertyPath: m_Mesh
      value: 
      objectReference: {fileID: 0}
    m_RemovedComponents: []
  m_SourcePrefab: {fileID: 100100000, guid: 1cb1a1ab039a07440b986d818dafd5e5, type: 3}
--- !u!4 &646038229244449574 stripped
Transform:
  m_CorrespondingSourceObject: {fileID: 4682475611166525115, guid: 1cb1a1ab039a07440b986d818dafd5e5, type: 3}
  m_PrefabInstance: {fileID: 5191610897213347229}
  m_PrefabAsset: {fileID: 0}
--- !u!1001 &5773280420587760992
PrefabInstance:
  m_ObjectHideFlags: 0
  serializedVersion: 2
  m_Modification:
    m_TransformParent: {fileID: 1875978694907173987}
    m_Modifications:
    - target: {fileID: 2948833439364926235, guid: 1cb1a1ab039a07440b986d818dafd5e5, type: 3}
      propertyPath: m_Mesh
      value: 
      objectReference: {fileID: 0}
    - target: {fileID: 2948833439364926235, guid: 1cb1a1ab039a07440b986d818dafd5e5, type: 3}
      propertyPath: m_VersionIndex
      value: 860
      objectReference: {fileID: 0}
    - target: {fileID: 2969222890750557608, guid: 1cb1a1ab039a07440b986d818dafd5e5, type: 3}
      propertyPath: m_Mesh
      value: 
      objectReference: {fileID: 0}
    - target: {fileID: 3669724902426012215, guid: 1cb1a1ab039a07440b986d818dafd5e5, type: 3}
      propertyPath: m_Name
      value: Flame Hole (11)
      objectReference: {fileID: 0}
    - target: {fileID: 4682475611166525115, guid: 1cb1a1ab039a07440b986d818dafd5e5, type: 3}
      propertyPath: m_RootOrder
      value: 11
      objectReference: {fileID: 0}
    - target: {fileID: 4682475611166525115, guid: 1cb1a1ab039a07440b986d818dafd5e5, type: 3}
      propertyPath: m_LocalPosition.x
      value: -1.28
      objectReference: {fileID: 0}
    - target: {fileID: 4682475611166525115, guid: 1cb1a1ab039a07440b986d818dafd5e5, type: 3}
      propertyPath: m_LocalPosition.y
      value: 9.51
      objectReference: {fileID: 0}
    - target: {fileID: 4682475611166525115, guid: 1cb1a1ab039a07440b986d818dafd5e5, type: 3}
      propertyPath: m_LocalPosition.z
      value: 4
      objectReference: {fileID: 0}
    - target: {fileID: 4682475611166525115, guid: 1cb1a1ab039a07440b986d818dafd5e5, type: 3}
      propertyPath: m_LocalRotation.w
      value: 0.7071068
      objectReference: {fileID: 0}
    - target: {fileID: 4682475611166525115, guid: 1cb1a1ab039a07440b986d818dafd5e5, type: 3}
      propertyPath: m_LocalRotation.x
      value: -0
      objectReference: {fileID: 0}
    - target: {fileID: 4682475611166525115, guid: 1cb1a1ab039a07440b986d818dafd5e5, type: 3}
      propertyPath: m_LocalRotation.y
      value: -0
      objectReference: {fileID: 0}
    - target: {fileID: 4682475611166525115, guid: 1cb1a1ab039a07440b986d818dafd5e5, type: 3}
      propertyPath: m_LocalRotation.z
      value: 0.7071068
      objectReference: {fileID: 0}
    - target: {fileID: 4682475611166525115, guid: 1cb1a1ab039a07440b986d818dafd5e5, type: 3}
      propertyPath: m_LocalEulerAnglesHint.x
      value: 0
      objectReference: {fileID: 0}
    - target: {fileID: 4682475611166525115, guid: 1cb1a1ab039a07440b986d818dafd5e5, type: 3}
      propertyPath: m_LocalEulerAnglesHint.y
      value: 0
      objectReference: {fileID: 0}
    - target: {fileID: 4682475611166525115, guid: 1cb1a1ab039a07440b986d818dafd5e5, type: 3}
      propertyPath: m_LocalEulerAnglesHint.z
      value: 90
      objectReference: {fileID: 0}
    - target: {fileID: 5261204232954717816, guid: 1cb1a1ab039a07440b986d818dafd5e5, type: 3}
      propertyPath: m_Mesh
      value: 
      objectReference: {fileID: 0}
    m_RemovedComponents: []
  m_SourcePrefab: {fileID: 100100000, guid: 1cb1a1ab039a07440b986d818dafd5e5, type: 3}
--- !u!4 &1217574120311172059 stripped
Transform:
  m_CorrespondingSourceObject: {fileID: 4682475611166525115, guid: 1cb1a1ab039a07440b986d818dafd5e5, type: 3}
  m_PrefabInstance: {fileID: 5773280420587760992}
  m_PrefabAsset: {fileID: 0}
--- !u!1001 &7370337101282041314
PrefabInstance:
  m_ObjectHideFlags: 0
  serializedVersion: 2
  m_Modification:
    m_TransformParent: {fileID: 1875978694907173987}
    m_Modifications:
    - target: {fileID: 2948833439364926235, guid: 1cb1a1ab039a07440b986d818dafd5e5, type: 3}
      propertyPath: m_Mesh
      value: 
      objectReference: {fileID: 0}
    - target: {fileID: 2948833439364926235, guid: 1cb1a1ab039a07440b986d818dafd5e5, type: 3}
      propertyPath: m_VersionIndex
      value: 848
      objectReference: {fileID: 0}
    - target: {fileID: 2969222890750557608, guid: 1cb1a1ab039a07440b986d818dafd5e5, type: 3}
      propertyPath: m_Mesh
      value: 
      objectReference: {fileID: 0}
    - target: {fileID: 3669724902426012215, guid: 1cb1a1ab039a07440b986d818dafd5e5, type: 3}
      propertyPath: m_Name
      value: Flame Hole (4)
      objectReference: {fileID: 0}
    - target: {fileID: 4682475611166525115, guid: 1cb1a1ab039a07440b986d818dafd5e5, type: 3}
      propertyPath: m_RootOrder
      value: 4
      objectReference: {fileID: 0}
    - target: {fileID: 4682475611166525115, guid: 1cb1a1ab039a07440b986d818dafd5e5, type: 3}
      propertyPath: m_LocalPosition.x
      value: -1.28
      objectReference: {fileID: 0}
    - target: {fileID: 4682475611166525115, guid: 1cb1a1ab039a07440b986d818dafd5e5, type: 3}
      propertyPath: m_LocalPosition.y
      value: 8.1
      objectReference: {fileID: 0}
    - target: {fileID: 4682475611166525115, guid: 1cb1a1ab039a07440b986d818dafd5e5, type: 3}
      propertyPath: m_LocalPosition.z
      value: -2
      objectReference: {fileID: 0}
    - target: {fileID: 4682475611166525115, guid: 1cb1a1ab039a07440b986d818dafd5e5, type: 3}
      propertyPath: m_LocalRotation.w
      value: 0.7071068
      objectReference: {fileID: 0}
    - target: {fileID: 4682475611166525115, guid: 1cb1a1ab039a07440b986d818dafd5e5, type: 3}
      propertyPath: m_LocalRotation.x
      value: -0
      objectReference: {fileID: 0}
    - target: {fileID: 4682475611166525115, guid: 1cb1a1ab039a07440b986d818dafd5e5, type: 3}
      propertyPath: m_LocalRotation.y
      value: -0
      objectReference: {fileID: 0}
    - target: {fileID: 4682475611166525115, guid: 1cb1a1ab039a07440b986d818dafd5e5, type: 3}
      propertyPath: m_LocalRotation.z
      value: 0.7071068
      objectReference: {fileID: 0}
    - target: {fileID: 4682475611166525115, guid: 1cb1a1ab039a07440b986d818dafd5e5, type: 3}
      propertyPath: m_LocalEulerAnglesHint.x
      value: 0
      objectReference: {fileID: 0}
    - target: {fileID: 4682475611166525115, guid: 1cb1a1ab039a07440b986d818dafd5e5, type: 3}
      propertyPath: m_LocalEulerAnglesHint.y
      value: 0
      objectReference: {fileID: 0}
    - target: {fileID: 4682475611166525115, guid: 1cb1a1ab039a07440b986d818dafd5e5, type: 3}
      propertyPath: m_LocalEulerAnglesHint.z
      value: 90
      objectReference: {fileID: 0}
    - target: {fileID: 5261204232954717816, guid: 1cb1a1ab039a07440b986d818dafd5e5, type: 3}
      propertyPath: m_Mesh
      value: 
      objectReference: {fileID: 0}
    m_RemovedComponents: []
  m_SourcePrefab: {fileID: 100100000, guid: 1cb1a1ab039a07440b986d818dafd5e5, type: 3}
--- !u!4 &2788797209482533721 stripped
Transform:
  m_CorrespondingSourceObject: {fileID: 4682475611166525115, guid: 1cb1a1ab039a07440b986d818dafd5e5, type: 3}
  m_PrefabInstance: {fileID: 7370337101282041314}
  m_PrefabAsset: {fileID: 0}
--- !u!1001 &7462312434014109193
PrefabInstance:
  m_ObjectHideFlags: 0
  serializedVersion: 2
  m_Modification:
    m_TransformParent: {fileID: 1875978694907173987}
    m_Modifications:
    - target: {fileID: 2948833439364926235, guid: 1cb1a1ab039a07440b986d818dafd5e5, type: 3}
      propertyPath: m_Mesh
      value: 
      objectReference: {fileID: 0}
    - target: {fileID: 2948833439364926235, guid: 1cb1a1ab039a07440b986d818dafd5e5, type: 3}
      propertyPath: m_VersionIndex
      value: 857
      objectReference: {fileID: 0}
    - target: {fileID: 2969222890750557608, guid: 1cb1a1ab039a07440b986d818dafd5e5, type: 3}
      propertyPath: m_Mesh
      value: 
      objectReference: {fileID: 0}
    - target: {fileID: 3669724902426012215, guid: 1cb1a1ab039a07440b986d818dafd5e5, type: 3}
      propertyPath: m_Name
      value: Flame Hole (7)
      objectReference: {fileID: 0}
    - target: {fileID: 4682475611166525115, guid: 1cb1a1ab039a07440b986d818dafd5e5, type: 3}
      propertyPath: m_RootOrder
      value: 7
      objectReference: {fileID: 0}
    - target: {fileID: 4682475611166525115, guid: 1cb1a1ab039a07440b986d818dafd5e5, type: 3}
      propertyPath: m_LocalPosition.x
      value: -1.28
      objectReference: {fileID: 0}
    - target: {fileID: 4682475611166525115, guid: 1cb1a1ab039a07440b986d818dafd5e5, type: 3}
      propertyPath: m_LocalPosition.y
      value: 8.1
      objectReference: {fileID: 0}
    - target: {fileID: 4682475611166525115, guid: 1cb1a1ab039a07440b986d818dafd5e5, type: 3}
      propertyPath: m_LocalPosition.z
      value: 4
      objectReference: {fileID: 0}
    - target: {fileID: 4682475611166525115, guid: 1cb1a1ab039a07440b986d818dafd5e5, type: 3}
      propertyPath: m_LocalRotation.w
      value: 0.7071068
      objectReference: {fileID: 0}
    - target: {fileID: 4682475611166525115, guid: 1cb1a1ab039a07440b986d818dafd5e5, type: 3}
      propertyPath: m_LocalRotation.x
      value: -0
      objectReference: {fileID: 0}
    - target: {fileID: 4682475611166525115, guid: 1cb1a1ab039a07440b986d818dafd5e5, type: 3}
      propertyPath: m_LocalRotation.y
      value: -0
      objectReference: {fileID: 0}
    - target: {fileID: 4682475611166525115, guid: 1cb1a1ab039a07440b986d818dafd5e5, type: 3}
      propertyPath: m_LocalRotation.z
      value: 0.7071068
      objectReference: {fileID: 0}
    - target: {fileID: 4682475611166525115, guid: 1cb1a1ab039a07440b986d818dafd5e5, type: 3}
      propertyPath: m_LocalEulerAnglesHint.x
      value: 0
      objectReference: {fileID: 0}
    - target: {fileID: 4682475611166525115, guid: 1cb1a1ab039a07440b986d818dafd5e5, type: 3}
      propertyPath: m_LocalEulerAnglesHint.y
      value: 0
      objectReference: {fileID: 0}
    - target: {fileID: 4682475611166525115, guid: 1cb1a1ab039a07440b986d818dafd5e5, type: 3}
      propertyPath: m_LocalEulerAnglesHint.z
      value: 90
      objectReference: {fileID: 0}
    - target: {fileID: 5261204232954717816, guid: 1cb1a1ab039a07440b986d818dafd5e5, type: 3}
      propertyPath: m_Mesh
      value: 
      objectReference: {fileID: 0}
    m_RemovedComponents: []
  m_SourcePrefab: {fileID: 100100000, guid: 1cb1a1ab039a07440b986d818dafd5e5, type: 3}
--- !u!4 &2842909760337410226 stripped
Transform:
  m_CorrespondingSourceObject: {fileID: 4682475611166525115, guid: 1cb1a1ab039a07440b986d818dafd5e5, type: 3}
  m_PrefabInstance: {fileID: 7462312434014109193}
  m_PrefabAsset: {fileID: 0}
--- !u!1001 &7884922736065793308
PrefabInstance:
  m_ObjectHideFlags: 0
  serializedVersion: 2
  m_Modification:
    m_TransformParent: {fileID: 1875978694907173987}
    m_Modifications:
    - target: {fileID: 2948833439364926235, guid: 1cb1a1ab039a07440b986d818dafd5e5, type: 3}
      propertyPath: m_Mesh
      value: 
      objectReference: {fileID: 0}
    - target: {fileID: 2948833439364926235, guid: 1cb1a1ab039a07440b986d818dafd5e5, type: 3}
      propertyPath: m_VersionIndex
      value: 854
      objectReference: {fileID: 0}
    - target: {fileID: 2969222890750557608, guid: 1cb1a1ab039a07440b986d818dafd5e5, type: 3}
      propertyPath: m_Mesh
      value: 
      objectReference: {fileID: 0}
    - target: {fileID: 3669724902426012215, guid: 1cb1a1ab039a07440b986d818dafd5e5, type: 3}
      propertyPath: m_Name
      value: Flame Hole (3)
      objectReference: {fileID: 0}
    - target: {fileID: 4682475611166525115, guid: 1cb1a1ab039a07440b986d818dafd5e5, type: 3}
      propertyPath: m_RootOrder
      value: 3
      objectReference: {fileID: 0}
    - target: {fileID: 4682475611166525115, guid: 1cb1a1ab039a07440b986d818dafd5e5, type: 3}
      propertyPath: m_LocalPosition.x
      value: -1.28
      objectReference: {fileID: 0}
    - target: {fileID: 4682475611166525115, guid: 1cb1a1ab039a07440b986d818dafd5e5, type: 3}
      propertyPath: m_LocalPosition.y
      value: 6.73
      objectReference: {fileID: 0}
    - target: {fileID: 4682475611166525115, guid: 1cb1a1ab039a07440b986d818dafd5e5, type: 3}
      propertyPath: m_LocalPosition.z
      value: 4
      objectReference: {fileID: 0}
    - target: {fileID: 4682475611166525115, guid: 1cb1a1ab039a07440b986d818dafd5e5, type: 3}
      propertyPath: m_LocalRotation.w
      value: 0.7071068
      objectReference: {fileID: 0}
    - target: {fileID: 4682475611166525115, guid: 1cb1a1ab039a07440b986d818dafd5e5, type: 3}
      propertyPath: m_LocalRotation.x
      value: -0
      objectReference: {fileID: 0}
    - target: {fileID: 4682475611166525115, guid: 1cb1a1ab039a07440b986d818dafd5e5, type: 3}
      propertyPath: m_LocalRotation.y
      value: -0
      objectReference: {fileID: 0}
    - target: {fileID: 4682475611166525115, guid: 1cb1a1ab039a07440b986d818dafd5e5, type: 3}
      propertyPath: m_LocalRotation.z
      value: 0.7071068
      objectReference: {fileID: 0}
    - target: {fileID: 4682475611166525115, guid: 1cb1a1ab039a07440b986d818dafd5e5, type: 3}
      propertyPath: m_LocalEulerAnglesHint.x
      value: 0
      objectReference: {fileID: 0}
    - target: {fileID: 4682475611166525115, guid: 1cb1a1ab039a07440b986d818dafd5e5, type: 3}
      propertyPath: m_LocalEulerAnglesHint.y
      value: 0
      objectReference: {fileID: 0}
    - target: {fileID: 4682475611166525115, guid: 1cb1a1ab039a07440b986d818dafd5e5, type: 3}
      propertyPath: m_LocalEulerAnglesHint.z
      value: 90
      objectReference: {fileID: 0}
    - target: {fileID: 5261204232954717816, guid: 1cb1a1ab039a07440b986d818dafd5e5, type: 3}
      propertyPath: m_Mesh
      value: 
      objectReference: {fileID: 0}
    m_RemovedComponents: []
  m_SourcePrefab: {fileID: 100100000, guid: 1cb1a1ab039a07440b986d818dafd5e5, type: 3}
--- !u!4 &3285272237952240551 stripped
Transform:
  m_CorrespondingSourceObject: {fileID: 4682475611166525115, guid: 1cb1a1ab039a07440b986d818dafd5e5, type: 3}
  m_PrefabInstance: {fileID: 7884922736065793308}
  m_PrefabAsset: {fileID: 0}
--- !u!1001 &8059698185198082058
PrefabInstance:
  m_ObjectHideFlags: 0
  serializedVersion: 2
  m_Modification:
    m_TransformParent: {fileID: 1875978694907173987}
    m_Modifications:
    - target: {fileID: 2948833439364926235, guid: 1cb1a1ab039a07440b986d818dafd5e5, type: 3}
      propertyPath: m_Mesh
      value: 
      objectReference: {fileID: 0}
    - target: {fileID: 2948833439364926235, guid: 1cb1a1ab039a07440b986d818dafd5e5, type: 3}
      propertyPath: m_VersionIndex
      value: 848
      objectReference: {fileID: 0}
    - target: {fileID: 2969222890750557608, guid: 1cb1a1ab039a07440b986d818dafd5e5, type: 3}
      propertyPath: m_Mesh
      value: 
      objectReference: {fileID: 0}
    - target: {fileID: 3669724902426012215, guid: 1cb1a1ab039a07440b986d818dafd5e5, type: 3}
      propertyPath: m_Name
      value: Flame Hole (1)
      objectReference: {fileID: 0}
    - target: {fileID: 4682475611166525115, guid: 1cb1a1ab039a07440b986d818dafd5e5, type: 3}
      propertyPath: m_RootOrder
      value: 1
      objectReference: {fileID: 0}
    - target: {fileID: 4682475611166525115, guid: 1cb1a1ab039a07440b986d818dafd5e5, type: 3}
      propertyPath: m_LocalPosition.x
      value: -1.28
      objectReference: {fileID: 0}
    - target: {fileID: 4682475611166525115, guid: 1cb1a1ab039a07440b986d818dafd5e5, type: 3}
      propertyPath: m_LocalPosition.y
      value: 6.73
      objectReference: {fileID: 0}
    - target: {fileID: 4682475611166525115, guid: 1cb1a1ab039a07440b986d818dafd5e5, type: 3}
      propertyPath: m_LocalPosition.z
      value: 0
      objectReference: {fileID: 0}
    - target: {fileID: 4682475611166525115, guid: 1cb1a1ab039a07440b986d818dafd5e5, type: 3}
      propertyPath: m_LocalRotation.w
      value: 0.7071068
      objectReference: {fileID: 0}
    - target: {fileID: 4682475611166525115, guid: 1cb1a1ab039a07440b986d818dafd5e5, type: 3}
      propertyPath: m_LocalRotation.x
      value: -0
      objectReference: {fileID: 0}
    - target: {fileID: 4682475611166525115, guid: 1cb1a1ab039a07440b986d818dafd5e5, type: 3}
      propertyPath: m_LocalRotation.y
      value: -0
      objectReference: {fileID: 0}
    - target: {fileID: 4682475611166525115, guid: 1cb1a1ab039a07440b986d818dafd5e5, type: 3}
      propertyPath: m_LocalRotation.z
      value: 0.7071068
      objectReference: {fileID: 0}
    - target: {fileID: 4682475611166525115, guid: 1cb1a1ab039a07440b986d818dafd5e5, type: 3}
      propertyPath: m_LocalEulerAnglesHint.x
      value: 0
      objectReference: {fileID: 0}
    - target: {fileID: 4682475611166525115, guid: 1cb1a1ab039a07440b986d818dafd5e5, type: 3}
      propertyPath: m_LocalEulerAnglesHint.y
      value: 0
      objectReference: {fileID: 0}
    - target: {fileID: 4682475611166525115, guid: 1cb1a1ab039a07440b986d818dafd5e5, type: 3}
      propertyPath: m_LocalEulerAnglesHint.z
      value: 90
      objectReference: {fileID: 0}
    - target: {fileID: 5261204232954717816, guid: 1cb1a1ab039a07440b986d818dafd5e5, type: 3}
      propertyPath: m_Mesh
      value: 
      objectReference: {fileID: 0}
    m_RemovedComponents: []
  m_SourcePrefab: {fileID: 100100000, guid: 1cb1a1ab039a07440b986d818dafd5e5, type: 3}
--- !u!4 &3396472844011790001 stripped
Transform:
  m_CorrespondingSourceObject: {fileID: 4682475611166525115, guid: 1cb1a1ab039a07440b986d818dafd5e5, type: 3}
  m_PrefabInstance: {fileID: 8059698185198082058}
  m_PrefabAsset: {fileID: 0}
--- !u!1001 &8565875391057801922
PrefabInstance:
  m_ObjectHideFlags: 0
  serializedVersion: 2
  m_Modification:
    m_TransformParent: {fileID: 1875978694907173987}
    m_Modifications:
    - target: {fileID: 2948833439364926235, guid: 1cb1a1ab039a07440b986d818dafd5e5, type: 3}
      propertyPath: m_Mesh
      value: 
      objectReference: {fileID: 0}
    - target: {fileID: 2948833439364926235, guid: 1cb1a1ab039a07440b986d818dafd5e5, type: 3}
      propertyPath: m_VersionIndex
      value: 845
      objectReference: {fileID: 0}
    - target: {fileID: 2969222890750557608, guid: 1cb1a1ab039a07440b986d818dafd5e5, type: 3}
      propertyPath: m_Mesh
      value: 
      objectReference: {fileID: 0}
    - target: {fileID: 3669724902426012215, guid: 1cb1a1ab039a07440b986d818dafd5e5, type: 3}
      propertyPath: m_Name
      value: Flame Hole
      objectReference: {fileID: 0}
    - target: {fileID: 4682475611166525115, guid: 1cb1a1ab039a07440b986d818dafd5e5, type: 3}
      propertyPath: m_RootOrder
      value: 0
      objectReference: {fileID: 0}
    - target: {fileID: 4682475611166525115, guid: 1cb1a1ab039a07440b986d818dafd5e5, type: 3}
      propertyPath: m_LocalPosition.x
      value: -1.28
      objectReference: {fileID: 0}
    - target: {fileID: 4682475611166525115, guid: 1cb1a1ab039a07440b986d818dafd5e5, type: 3}
      propertyPath: m_LocalPosition.y
      value: 6.73
      objectReference: {fileID: 0}
    - target: {fileID: 4682475611166525115, guid: 1cb1a1ab039a07440b986d818dafd5e5, type: 3}
      propertyPath: m_LocalPosition.z
      value: -2
      objectReference: {fileID: 0}
    - target: {fileID: 4682475611166525115, guid: 1cb1a1ab039a07440b986d818dafd5e5, type: 3}
      propertyPath: m_LocalRotation.w
      value: 0.7071068
      objectReference: {fileID: 0}
    - target: {fileID: 4682475611166525115, guid: 1cb1a1ab039a07440b986d818dafd5e5, type: 3}
      propertyPath: m_LocalRotation.x
      value: -0
      objectReference: {fileID: 0}
    - target: {fileID: 4682475611166525115, guid: 1cb1a1ab039a07440b986d818dafd5e5, type: 3}
      propertyPath: m_LocalRotation.y
      value: -0
      objectReference: {fileID: 0}
    - target: {fileID: 4682475611166525115, guid: 1cb1a1ab039a07440b986d818dafd5e5, type: 3}
      propertyPath: m_LocalRotation.z
      value: 0.7071068
      objectReference: {fileID: 0}
    - target: {fileID: 4682475611166525115, guid: 1cb1a1ab039a07440b986d818dafd5e5, type: 3}
      propertyPath: m_LocalEulerAnglesHint.x
      value: 0
      objectReference: {fileID: 0}
    - target: {fileID: 4682475611166525115, guid: 1cb1a1ab039a07440b986d818dafd5e5, type: 3}
      propertyPath: m_LocalEulerAnglesHint.y
      value: 0
      objectReference: {fileID: 0}
    - target: {fileID: 4682475611166525115, guid: 1cb1a1ab039a07440b986d818dafd5e5, type: 3}
      propertyPath: m_LocalEulerAnglesHint.z
      value: 90
      objectReference: {fileID: 0}
    - target: {fileID: 5261204232954717816, guid: 1cb1a1ab039a07440b986d818dafd5e5, type: 3}
      propertyPath: m_Mesh
      value: 
      objectReference: {fileID: 0}
    m_RemovedComponents: []
  m_SourcePrefab: {fileID: 100100000, guid: 1cb1a1ab039a07440b986d818dafd5e5, type: 3}
--- !u!4 &3898820449294906489 stripped
Transform:
  m_CorrespondingSourceObject: {fileID: 4682475611166525115, guid: 1cb1a1ab039a07440b986d818dafd5e5, type: 3}
  m_PrefabInstance: {fileID: 8565875391057801922}
  m_PrefabAsset: {fileID: 0}
