%YAML 1.1
%TAG !u! tag:unity3d.com,2011:
--- !u!1 &9132900703840930032
GameObject:
  m_ObjectHideFlags: 0
  m_CorrespondingSourceObject: {fileID: 0}
  m_PrefabInstance: {fileID: 0}
  m_PrefabAsset: {fileID: 0}
  serializedVersion: 6
  m_Component:
  - component: {fileID: 9132900703840930038}
  - component: {fileID: 9132900703840930039}
  - component: {fileID: 9132900703840930036}
  - component: {fileID: 9132900703840930037}
  - component: {fileID: 9132900703840930034}
  - component: {fileID: 9132900703840930035}
  m_Layer: 0
  m_Name: Gem - Green
  m_TagString: Untagged
  m_Icon: {fileID: 0}
  m_NavMeshLayer: 0
  m_StaticEditorFlags: 0
  m_IsActive: 1
--- !u!4 &9132900703840930038
Transform:
  m_ObjectHideFlags: 0
  m_CorrespondingSourceObject: {fileID: 0}
  m_PrefabInstance: {fileID: 0}
  m_PrefabAsset: {fileID: 0}
  m_GameObject: {fileID: 9132900703840930032}
  m_LocalRotation: {x: 1.110223e-17, y: 0, z: 0, w: 1}
  m_LocalPosition: {x: 13.053, y: 1.23, z: 33.363}
  m_LocalScale: {x: 1, y: 1, z: 1}
  m_ConstrainProportionsScale: 0
  m_Children: []
  m_Father: {fileID: 0}
  m_RootOrder: 0
  m_LocalEulerAnglesHint: {x: 0, y: 0, z: 0}
--- !u!114 &9132900703840930039
MonoBehaviour:
  m_ObjectHideFlags: 0
  m_CorrespondingSourceObject: {fileID: 0}
  m_PrefabInstance: {fileID: 0}
  m_PrefabAsset: {fileID: 0}
  m_GameObject: {fileID: 9132900703840930032}
  m_Enabled: 1
  m_EditorHideFlags: 0
  m_Script: {fileID: 11500000, guid: 8233d90336aea43098adf6dbabd606a2, type: 3}
  m_Name: 
  m_EditorClassIdentifier: 
  m_MeshFormatVersion: 2
  m_Faces:
  - m_Indexes: 000000000100000002000000
    m_SmoothingGroup: 1
    m_Uv:
      m_UseWorldSpace: 0
      m_FlipU: 0
      m_FlipV: 0
      m_SwapUV: 0
      m_Fill: 1
      m_Scale: {x: 1, y: 1}
      m_Offset: {x: 0, y: 0}
      m_Rotation: 0
      m_Anchor: 9
    m_Material: {fileID: 2100000, guid: c22777d6e868e4f2fb421913386b154e, type: 2}
    m_SubmeshIndex: 0
    m_ManualUV: 0
    elementGroup: 0
    m_TextureGroup: 3
  - m_Indexes: 030000000400000005000000
    m_SmoothingGroup: 1
    m_Uv:
      m_UseWorldSpace: 0
      m_FlipU: 0
      m_FlipV: 0
      m_SwapUV: 0
      m_Fill: 1
      m_Scale: {x: 1, y: 1}
      m_Offset: {x: 0, y: 0}
      m_Rotation: 0
      m_Anchor: 9
    m_Material: {fileID: 2100000, guid: c22777d6e868e4f2fb421913386b154e, type: 2}
    m_SubmeshIndex: 0
    m_ManualUV: 0
    elementGroup: 0
    m_TextureGroup: 5
  - m_Indexes: 060000000700000008000000
    m_SmoothingGroup: 1
    m_Uv:
      m_UseWorldSpace: 0
      m_FlipU: 0
      m_FlipV: 0
      m_SwapUV: 0
      m_Fill: 1
      m_Scale: {x: 1, y: 1}
      m_Offset: {x: 0, y: 0}
      m_Rotation: 0
      m_Anchor: 9
    m_Material: {fileID: 2100000, guid: c22777d6e868e4f2fb421913386b154e, type: 2}
    m_SubmeshIndex: 0
    m_ManualUV: 0
    elementGroup: 0
    m_TextureGroup: 4
  - m_Indexes: 090000000a0000000b000000
    m_SmoothingGroup: 1
    m_Uv:
      m_UseWorldSpace: 0
      m_FlipU: 0
      m_FlipV: 0
      m_SwapUV: 0
      m_Fill: 1
      m_Scale: {x: 1, y: 1}
      m_Offset: {x: 0, y: 0}
      m_Rotation: 0
      m_Anchor: 9
    m_Material: {fileID: 2100000, guid: c22777d6e868e4f2fb421913386b154e, type: 2}
    m_SubmeshIndex: 0
    m_ManualUV: 0
    elementGroup: 0
    m_TextureGroup: 4
  - m_Indexes: 0c0000000d0000000e000000
    m_SmoothingGroup: 1
    m_Uv:
      m_UseWorldSpace: 0
      m_FlipU: 0
      m_FlipV: 0
      m_SwapUV: 0
      m_Fill: 1
      m_Scale: {x: 1, y: 1}
      m_Offset: {x: 0, y: 0}
      m_Rotation: 0
      m_Anchor: 9
    m_Material: {fileID: 2100000, guid: c22777d6e868e4f2fb421913386b154e, type: 2}
    m_SubmeshIndex: 0
    m_ManualUV: 0
    elementGroup: 0
    m_TextureGroup: 3
  - m_Indexes: 0f0000001000000011000000
    m_SmoothingGroup: 1
    m_Uv:
      m_UseWorldSpace: 0
      m_FlipU: 0
      m_FlipV: 0
      m_SwapUV: 0
      m_Fill: 1
      m_Scale: {x: 1, y: 1}
      m_Offset: {x: 0, y: 0}
      m_Rotation: 0
      m_Anchor: 9
    m_Material: {fileID: 2100000, guid: c22777d6e868e4f2fb421913386b154e, type: 2}
    m_SubmeshIndex: 0
    m_ManualUV: 0
    elementGroup: 0
    m_TextureGroup: 3
  - m_Indexes: 120000001300000014000000
    m_SmoothingGroup: 1
    m_Uv:
      m_UseWorldSpace: 0
      m_FlipU: 0
      m_FlipV: 0
      m_SwapUV: 0
      m_Fill: 1
      m_Scale: {x: 1, y: 1}
      m_Offset: {x: 0, y: 0}
      m_Rotation: 0
      m_Anchor: 9
    m_Material: {fileID: 2100000, guid: c22777d6e868e4f2fb421913386b154e, type: 2}
    m_SubmeshIndex: 0
    m_ManualUV: 0
    elementGroup: 0
    m_TextureGroup: 3
  - m_Indexes: 150000001600000017000000
    m_SmoothingGroup: 1
    m_Uv:
      m_UseWorldSpace: 0
      m_FlipU: 0
      m_FlipV: 0
      m_SwapUV: 0
      m_Fill: 1
      m_Scale: {x: 1, y: 1}
      m_Offset: {x: 0, y: 0}
      m_Rotation: 0
      m_Anchor: 9
    m_Material: {fileID: 2100000, guid: c22777d6e868e4f2fb421913386b154e, type: 2}
    m_SubmeshIndex: 0
    m_ManualUV: 0
    elementGroup: 0
    m_TextureGroup: 3
  - m_Indexes: 18000000190000001a000000
    m_SmoothingGroup: 1
    m_Uv:
      m_UseWorldSpace: 0
      m_FlipU: 0
      m_FlipV: 0
      m_SwapUV: 0
      m_Fill: 1
      m_Scale: {x: 1, y: 1}
      m_Offset: {x: 0, y: 0}
      m_Rotation: 0
      m_Anchor: 9
    m_Material: {fileID: 2100000, guid: c22777d6e868e4f2fb421913386b154e, type: 2}
    m_SubmeshIndex: 0
    m_ManualUV: 0
    elementGroup: 0
    m_TextureGroup: 3
  - m_Indexes: 1b0000001c0000001d000000
    m_SmoothingGroup: 1
    m_Uv:
      m_UseWorldSpace: 0
      m_FlipU: 0
      m_FlipV: 0
      m_SwapUV: 0
      m_Fill: 1
      m_Scale: {x: 1, y: 1}
      m_Offset: {x: 0, y: 0}
      m_Rotation: 0
      m_Anchor: 9
    m_Material: {fileID: 2100000, guid: c22777d6e868e4f2fb421913386b154e, type: 2}
    m_SubmeshIndex: 0
    m_ManualUV: 0
    elementGroup: 0
    m_TextureGroup: 3
  - m_Indexes: 1e0000001f00000020000000
    m_SmoothingGroup: 1
    m_Uv:
      m_UseWorldSpace: 0
      m_FlipU: 0
      m_FlipV: 0
      m_SwapUV: 0
      m_Fill: 1
      m_Scale: {x: 1, y: 1}
      m_Offset: {x: 0, y: 0}
      m_Rotation: 0
      m_Anchor: 9
    m_Material: {fileID: 2100000, guid: c22777d6e868e4f2fb421913386b154e, type: 2}
    m_SubmeshIndex: 0
    m_ManualUV: 0
    elementGroup: 0
    m_TextureGroup: 3
  - m_Indexes: 210000002200000023000000
    m_SmoothingGroup: 1
    m_Uv:
      m_UseWorldSpace: 0
      m_FlipU: 0
      m_FlipV: 0
      m_SwapUV: 0
      m_Fill: 1
      m_Scale: {x: 1, y: 1}
      m_Offset: {x: 0, y: 0}
      m_Rotation: 0
      m_Anchor: 9
    m_Material: {fileID: 2100000, guid: c22777d6e868e4f2fb421913386b154e, type: 2}
    m_SubmeshIndex: 0
    m_ManualUV: 0
    elementGroup: 0
    m_TextureGroup: 3
  - m_Indexes: 240000002500000026000000
    m_SmoothingGroup: 1
    m_Uv:
      m_UseWorldSpace: 0
      m_FlipU: 0
      m_FlipV: 0
      m_SwapUV: 0
      m_Fill: 1
      m_Scale: {x: 1, y: 1}
      m_Offset: {x: 0, y: 0}
      m_Rotation: 0
      m_Anchor: 9
    m_Material: {fileID: 2100000, guid: c22777d6e868e4f2fb421913386b154e, type: 2}
    m_SubmeshIndex: 0
    m_ManualUV: 0
    elementGroup: 0
    m_TextureGroup: 3
  - m_Indexes: 270000002800000029000000
    m_SmoothingGroup: 1
    m_Uv:
      m_UseWorldSpace: 0
      m_FlipU: 0
      m_FlipV: 0
      m_SwapUV: 0
      m_Fill: 1
      m_Scale: {x: 1, y: 1}
      m_Offset: {x: 0, y: 0}
      m_Rotation: 0
      m_Anchor: 9
    m_Material: {fileID: 2100000, guid: c22777d6e868e4f2fb421913386b154e, type: 2}
    m_SubmeshIndex: 0
    m_ManualUV: 0
    elementGroup: 0
    m_TextureGroup: 7
  - m_Indexes: 2a0000002b0000002c000000
    m_SmoothingGroup: 1
    m_Uv:
      m_UseWorldSpace: 0
      m_FlipU: 0
      m_FlipV: 0
      m_SwapUV: 0
      m_Fill: 1
      m_Scale: {x: 1, y: 1}
      m_Offset: {x: 0, y: 0}
      m_Rotation: 0
      m_Anchor: 9
    m_Material: {fileID: 2100000, guid: c22777d6e868e4f2fb421913386b154e, type: 2}
    m_SubmeshIndex: 0
    m_ManualUV: 0
    elementGroup: 0
    m_TextureGroup: 7
  - m_Indexes: 2d0000002e0000002f000000
    m_SmoothingGroup: 1
    m_Uv:
      m_UseWorldSpace: 0
      m_FlipU: 0
      m_FlipV: 0
      m_SwapUV: 0
      m_Fill: 1
      m_Scale: {x: 1, y: 1}
      m_Offset: {x: 0, y: 0}
      m_Rotation: 0
      m_Anchor: 9
    m_Material: {fileID: 2100000, guid: c22777d6e868e4f2fb421913386b154e, type: 2}
    m_SubmeshIndex: 0
    m_ManualUV: 0
    elementGroup: 0
    m_TextureGroup: 5
  - m_Indexes: 300000003100000032000000
    m_SmoothingGroup: 1
    m_Uv:
      m_UseWorldSpace: 0
      m_FlipU: 0
      m_FlipV: 0
      m_SwapUV: 0
      m_Fill: 1
      m_Scale: {x: 1, y: 1}
      m_Offset: {x: 0, y: 0}
      m_Rotation: 0
      m_Anchor: 9
    m_Material: {fileID: 2100000, guid: c22777d6e868e4f2fb421913386b154e, type: 2}
    m_SubmeshIndex: 0
    m_ManualUV: 0
    elementGroup: 0
    m_TextureGroup: 5
  - m_Indexes: 330000003400000035000000
    m_SmoothingGroup: 1
    m_Uv:
      m_UseWorldSpace: 0
      m_FlipU: 0
      m_FlipV: 0
      m_SwapUV: 0
      m_Fill: 1
      m_Scale: {x: 1, y: 1}
      m_Offset: {x: 0, y: 0}
      m_Rotation: 0
      m_Anchor: 9
    m_Material: {fileID: 2100000, guid: c22777d6e868e4f2fb421913386b154e, type: 2}
    m_SubmeshIndex: 0
    m_ManualUV: 0
    elementGroup: 0
    m_TextureGroup: 5
  - m_Indexes: 360000003700000038000000
    m_SmoothingGroup: 1
    m_Uv:
      m_UseWorldSpace: 0
      m_FlipU: 0
      m_FlipV: 0
      m_SwapUV: 0
      m_Fill: 1
      m_Scale: {x: 1, y: 1}
      m_Offset: {x: 0, y: 0}
      m_Rotation: 0
      m_Anchor: 9
    m_Material: {fileID: 2100000, guid: c22777d6e868e4f2fb421913386b154e, type: 2}
    m_SubmeshIndex: 0
    m_ManualUV: 0
    elementGroup: 0
    m_TextureGroup: 5
  - m_Indexes: 390000003a0000003b000000
    m_SmoothingGroup: 1
    m_Uv:
      m_UseWorldSpace: 0
      m_FlipU: 0
      m_FlipV: 0
      m_SwapUV: 0
      m_Fill: 1
      m_Scale: {x: 1, y: 1}
      m_Offset: {x: 0, y: 0}
      m_Rotation: 0
      m_Anchor: 9
    m_Material: {fileID: 2100000, guid: c22777d6e868e4f2fb421913386b154e, type: 2}
    m_SubmeshIndex: 0
    m_ManualUV: 0
    elementGroup: 0
    m_TextureGroup: 5
  - m_Indexes: 3c0000003d0000003e000000
    m_SmoothingGroup: 1
    m_Uv:
      m_UseWorldSpace: 0
      m_FlipU: 0
      m_FlipV: 0
      m_SwapUV: 0
      m_Fill: 1
      m_Scale: {x: 1, y: 1}
      m_Offset: {x: 0, y: 0}
      m_Rotation: 0
      m_Anchor: 9
    m_Material: {fileID: 2100000, guid: c22777d6e868e4f2fb421913386b154e, type: 2}
    m_SubmeshIndex: 0
    m_ManualUV: 0
    elementGroup: 0
    m_TextureGroup: 3
  - m_Indexes: 3f0000004000000041000000
    m_SmoothingGroup: 1
    m_Uv:
      m_UseWorldSpace: 0
      m_FlipU: 0
      m_FlipV: 0
      m_SwapUV: 0
      m_Fill: 1
      m_Scale: {x: 1, y: 1}
      m_Offset: {x: 0, y: 0}
      m_Rotation: 0
      m_Anchor: 9
    m_Material: {fileID: 2100000, guid: c22777d6e868e4f2fb421913386b154e, type: 2}
    m_SubmeshIndex: 0
    m_ManualUV: 0
    elementGroup: 0
    m_TextureGroup: 4
  - m_Indexes: 420000004300000044000000
    m_SmoothingGroup: 1
    m_Uv:
      m_UseWorldSpace: 0
      m_FlipU: 0
      m_FlipV: 0
      m_SwapUV: 0
      m_Fill: 1
      m_Scale: {x: 1, y: 1}
      m_Offset: {x: 0, y: 0}
      m_Rotation: 0
      m_Anchor: 9
    m_Material: {fileID: 2100000, guid: c22777d6e868e4f2fb421913386b154e, type: 2}
    m_SubmeshIndex: 0
    m_ManualUV: 0
    elementGroup: 0
    m_TextureGroup: 4
  - m_Indexes: 450000004600000047000000
    m_SmoothingGroup: 1
    m_Uv:
      m_UseWorldSpace: 0
      m_FlipU: 0
      m_FlipV: 0
      m_SwapUV: 0
      m_Fill: 1
      m_Scale: {x: 1, y: 1}
      m_Offset: {x: 0, y: 0}
      m_Rotation: 0
      m_Anchor: 9
    m_Material: {fileID: 2100000, guid: c22777d6e868e4f2fb421913386b154e, type: 2}
    m_SubmeshIndex: 0
    m_ManualUV: 0
    elementGroup: 0
    m_TextureGroup: 2
  - m_Indexes: 48000000490000004a000000
    m_SmoothingGroup: 1
    m_Uv:
      m_UseWorldSpace: 0
      m_FlipU: 0
      m_FlipV: 0
      m_SwapUV: 0
      m_Fill: 1
      m_Scale: {x: 1, y: 1}
      m_Offset: {x: 0, y: 0}
      m_Rotation: 0
      m_Anchor: 9
    m_Material: {fileID: 2100000, guid: c22777d6e868e4f2fb421913386b154e, type: 2}
    m_SubmeshIndex: 0
    m_ManualUV: 0
    elementGroup: 0
    m_TextureGroup: 4
  - m_Indexes: 4b0000004c0000004d000000
    m_SmoothingGroup: 1
    m_Uv:
      m_UseWorldSpace: 0
      m_FlipU: 0
      m_FlipV: 0
      m_SwapUV: 0
      m_Fill: 1
      m_Scale: {x: 1, y: 1}
      m_Offset: {x: 0, y: 0}
      m_Rotation: 0
      m_Anchor: 9
    m_Material: {fileID: 2100000, guid: c22777d6e868e4f2fb421913386b154e, type: 2}
    m_SubmeshIndex: 0
    m_ManualUV: 0
    elementGroup: 0
    m_TextureGroup: 4
  - m_Indexes: 4e0000004f00000050000000
    m_SmoothingGroup: 1
    m_Uv:
      m_UseWorldSpace: 0
      m_FlipU: 0
      m_FlipV: 0
      m_SwapUV: 0
      m_Fill: 1
      m_Scale: {x: 1, y: 1}
      m_Offset: {x: 0, y: 0}
      m_Rotation: 0
      m_Anchor: 9
    m_Material: {fileID: 2100000, guid: c22777d6e868e4f2fb421913386b154e, type: 2}
    m_SubmeshIndex: 0
    m_ManualUV: 0
    elementGroup: 0
    m_TextureGroup: 4
  - m_Indexes: 510000005200000053000000
    m_SmoothingGroup: 1
    m_Uv:
      m_UseWorldSpace: 0
      m_FlipU: 0
      m_FlipV: 0
      m_SwapUV: 0
      m_Fill: 1
      m_Scale: {x: 1, y: 1}
      m_Offset: {x: 0, y: 0}
      m_Rotation: 0
      m_Anchor: 9
    m_Material: {fileID: 2100000, guid: c22777d6e868e4f2fb421913386b154e, type: 2}
    m_SubmeshIndex: 0
    m_ManualUV: 0
    elementGroup: 0
    m_TextureGroup: 4
  - m_Indexes: 540000005500000056000000
    m_SmoothingGroup: 1
    m_Uv:
      m_UseWorldSpace: 0
      m_FlipU: 0
      m_FlipV: 0
      m_SwapUV: 0
      m_Fill: 1
      m_Scale: {x: 1, y: 1}
      m_Offset: {x: 0, y: 0}
      m_Rotation: 0
      m_Anchor: 9
    m_Material: {fileID: 2100000, guid: c22777d6e868e4f2fb421913386b154e, type: 2}
    m_SubmeshIndex: 0
    m_ManualUV: 0
    elementGroup: 0
    m_TextureGroup: 5
  - m_Indexes: 570000005800000059000000
    m_SmoothingGroup: 1
    m_Uv:
      m_UseWorldSpace: 0
      m_FlipU: 0
      m_FlipV: 0
      m_SwapUV: 0
      m_Fill: 1
      m_Scale: {x: 1, y: 1}
      m_Offset: {x: 0, y: 0}
      m_Rotation: 0
      m_Anchor: 9
    m_Material: {fileID: 2100000, guid: c22777d6e868e4f2fb421913386b154e, type: 2}
    m_SubmeshIndex: 0
    m_ManualUV: 0
    elementGroup: 0
    m_TextureGroup: 5
  - m_Indexes: 5a0000005b0000005c000000
    m_SmoothingGroup: 1
    m_Uv:
      m_UseWorldSpace: 0
      m_FlipU: 0
      m_FlipV: 0
      m_SwapUV: 0
      m_Fill: 1
      m_Scale: {x: 1, y: 1}
      m_Offset: {x: 0, y: 0}
      m_Rotation: 0
      m_Anchor: 9
    m_Material: {fileID: 2100000, guid: c22777d6e868e4f2fb421913386b154e, type: 2}
    m_SubmeshIndex: 0
    m_ManualUV: 0
    elementGroup: 0
    m_TextureGroup: 5
  - m_Indexes: 5d0000005e0000005f000000
    m_SmoothingGroup: 1
    m_Uv:
      m_UseWorldSpace: 0
      m_FlipU: 0
      m_FlipV: 0
      m_SwapUV: 0
      m_Fill: 1
      m_Scale: {x: 1, y: 1}
      m_Offset: {x: 0, y: 0}
      m_Rotation: 0
      m_Anchor: 9
    m_Material: {fileID: 2100000, guid: c22777d6e868e4f2fb421913386b154e, type: 2}
    m_SubmeshIndex: 0
    m_ManualUV: 0
    elementGroup: 0
    m_TextureGroup: 5
  - m_Indexes: 600000006100000062000000
    m_SmoothingGroup: 1
    m_Uv:
      m_UseWorldSpace: 0
      m_FlipU: 0
      m_FlipV: 0
      m_SwapUV: 0
      m_Fill: 1
      m_Scale: {x: 1, y: 1}
      m_Offset: {x: 0, y: 0}
      m_Rotation: 0
      m_Anchor: 9
    m_Material: {fileID: 2100000, guid: c22777d6e868e4f2fb421913386b154e, type: 2}
    m_SubmeshIndex: 0
    m_ManualUV: 0
    elementGroup: 0
    m_TextureGroup: 7
  - m_Indexes: 630000006400000065000000
    m_SmoothingGroup: 1
    m_Uv:
      m_UseWorldSpace: 0
      m_FlipU: 0
      m_FlipV: 0
      m_SwapUV: 0
      m_Fill: 1
      m_Scale: {x: 1, y: 1}
      m_Offset: {x: 0, y: 0}
      m_Rotation: 0
      m_Anchor: 9
    m_Material: {fileID: 2100000, guid: c22777d6e868e4f2fb421913386b154e, type: 2}
    m_SubmeshIndex: 0
    m_ManualUV: 0
    elementGroup: 0
    m_TextureGroup: 7
  - m_Indexes: 660000006700000068000000
    m_SmoothingGroup: 1
    m_Uv:
      m_UseWorldSpace: 0
      m_FlipU: 0
      m_FlipV: 0
      m_SwapUV: 0
      m_Fill: 1
      m_Scale: {x: 1, y: 1}
      m_Offset: {x: 0, y: 0}
      m_Rotation: 0
      m_Anchor: 9
    m_Material: {fileID: 2100000, guid: c22777d6e868e4f2fb421913386b154e, type: 2}
    m_SubmeshIndex: 0
    m_ManualUV: 0
    elementGroup: 0
    m_TextureGroup: 7
  - m_Indexes: 690000006a0000006b000000
    m_SmoothingGroup: 1
    m_Uv:
      m_UseWorldSpace: 0
      m_FlipU: 0
      m_FlipV: 0
      m_SwapUV: 0
      m_Fill: 1
      m_Scale: {x: 1, y: 1}
      m_Offset: {x: 0, y: 0}
      m_Rotation: 0
      m_Anchor: 9
    m_Material: {fileID: 2100000, guid: c22777d6e868e4f2fb421913386b154e, type: 2}
    m_SubmeshIndex: 0
    m_ManualUV: 0
    elementGroup: 0
    m_TextureGroup: 7
  - m_Indexes: 6c0000006d0000006e000000
    m_SmoothingGroup: 1
    m_Uv:
      m_UseWorldSpace: 0
      m_FlipU: 0
      m_FlipV: 0
      m_SwapUV: 0
      m_Fill: 1
      m_Scale: {x: 1, y: 1}
      m_Offset: {x: 0, y: 0}
      m_Rotation: 0
      m_Anchor: 9
    m_Material: {fileID: 2100000, guid: c22777d6e868e4f2fb421913386b154e, type: 2}
    m_SubmeshIndex: 0
    m_ManualUV: 0
    elementGroup: 0
    m_TextureGroup: 7
  - m_Indexes: 6f0000007000000071000000
    m_SmoothingGroup: 1
    m_Uv:
      m_UseWorldSpace: 0
      m_FlipU: 0
      m_FlipV: 0
      m_SwapUV: 0
      m_Fill: 1
      m_Scale: {x: 1, y: 1}
      m_Offset: {x: 0, y: 0}
      m_Rotation: 0
      m_Anchor: 9
    m_Material: {fileID: 2100000, guid: c22777d6e868e4f2fb421913386b154e, type: 2}
    m_SubmeshIndex: 0
    m_ManualUV: 0
    elementGroup: 0
    m_TextureGroup: 3
  - m_Indexes: 720000007300000074000000
    m_SmoothingGroup: 1
    m_Uv:
      m_UseWorldSpace: 0
      m_FlipU: 0
      m_FlipV: 0
      m_SwapUV: 0
      m_Fill: 1
      m_Scale: {x: 1, y: 1}
      m_Offset: {x: 0, y: 0}
      m_Rotation: 0
      m_Anchor: 9
    m_Material: {fileID: 2100000, guid: c22777d6e868e4f2fb421913386b154e, type: 2}
    m_SubmeshIndex: 0
    m_ManualUV: 0
    elementGroup: 0
    m_TextureGroup: 7
  - m_Indexes: 750000007600000077000000
    m_SmoothingGroup: 1
    m_Uv:
      m_UseWorldSpace: 0
      m_FlipU: 0
      m_FlipV: 0
      m_SwapUV: 0
      m_Fill: 1
      m_Scale: {x: 1, y: 1}
      m_Offset: {x: 0, y: 0}
      m_Rotation: 0
      m_Anchor: 9
    m_Material: {fileID: 2100000, guid: c22777d6e868e4f2fb421913386b154e, type: 2}
    m_SubmeshIndex: 0
    m_ManualUV: 0
    elementGroup: 0
    m_TextureGroup: 2
  - m_Indexes: 78000000790000007a000000
    m_SmoothingGroup: 1
    m_Uv:
      m_UseWorldSpace: 0
      m_FlipU: 0
      m_FlipV: 0
      m_SwapUV: 0
      m_Fill: 1
      m_Scale: {x: 1, y: 1}
      m_Offset: {x: 0, y: 0}
      m_Rotation: 0
      m_Anchor: 9
    m_Material: {fileID: 2100000, guid: c22777d6e868e4f2fb421913386b154e, type: 2}
    m_SubmeshIndex: 0
    m_ManualUV: 0
    elementGroup: 0
    m_TextureGroup: 6
  - m_Indexes: 7b0000007c0000007d000000
    m_SmoothingGroup: 1
    m_Uv:
      m_UseWorldSpace: 0
      m_FlipU: 0
      m_FlipV: 0
      m_SwapUV: 0
      m_Fill: 1
      m_Scale: {x: 1, y: 1}
      m_Offset: {x: 0, y: 0}
      m_Rotation: 0
      m_Anchor: 9
    m_Material: {fileID: 2100000, guid: c22777d6e868e4f2fb421913386b154e, type: 2}
    m_SubmeshIndex: 0
    m_ManualUV: 0
    elementGroup: 0
    m_TextureGroup: 2
  - m_Indexes: 7e0000007f00000080000000
    m_SmoothingGroup: 1
    m_Uv:
      m_UseWorldSpace: 0
      m_FlipU: 0
      m_FlipV: 0
      m_SwapUV: 0
      m_Fill: 1
      m_Scale: {x: 1, y: 1}
      m_Offset: {x: 0, y: 0}
      m_Rotation: 0
      m_Anchor: 9
    m_Material: {fileID: 2100000, guid: c22777d6e868e4f2fb421913386b154e, type: 2}
    m_SubmeshIndex: 0
    m_ManualUV: 0
    elementGroup: 0
    m_TextureGroup: 4
  - m_Indexes: 810000008200000083000000
    m_SmoothingGroup: 1
    m_Uv:
      m_UseWorldSpace: 0
      m_FlipU: 0
      m_FlipV: 0
      m_SwapUV: 0
      m_Fill: 1
      m_Scale: {x: 1, y: 1}
      m_Offset: {x: 0, y: 0}
      m_Rotation: 0
      m_Anchor: 9
    m_Material: {fileID: 2100000, guid: c22777d6e868e4f2fb421913386b154e, type: 2}
    m_SubmeshIndex: 0
    m_ManualUV: 0
    elementGroup: 0
    m_TextureGroup: 4
  - m_Indexes: 840000008500000086000000
    m_SmoothingGroup: 1
    m_Uv:
      m_UseWorldSpace: 0
      m_FlipU: 0
      m_FlipV: 0
      m_SwapUV: 0
      m_Fill: 1
      m_Scale: {x: 1, y: 1}
      m_Offset: {x: 0, y: 0}
      m_Rotation: 0
      m_Anchor: 9
    m_Material: {fileID: 2100000, guid: c22777d6e868e4f2fb421913386b154e, type: 2}
    m_SubmeshIndex: 0
    m_ManualUV: 0
    elementGroup: 0
    m_TextureGroup: 6
  - m_Indexes: 870000008800000089000000
    m_SmoothingGroup: 1
    m_Uv:
      m_UseWorldSpace: 0
      m_FlipU: 0
      m_FlipV: 0
      m_SwapUV: 0
      m_Fill: 1
      m_Scale: {x: 1, y: 1}
      m_Offset: {x: 0, y: 0}
      m_Rotation: 0
      m_Anchor: 9
    m_Material: {fileID: 2100000, guid: c22777d6e868e4f2fb421913386b154e, type: 2}
    m_SubmeshIndex: 0
    m_ManualUV: 0
    elementGroup: 0
    m_TextureGroup: 6
  - m_Indexes: 8a0000008b0000008c000000
    m_SmoothingGroup: 1
    m_Uv:
      m_UseWorldSpace: 0
      m_FlipU: 0
      m_FlipV: 0
      m_SwapUV: 0
      m_Fill: 1
      m_Scale: {x: 1, y: 1}
      m_Offset: {x: 0, y: 0}
      m_Rotation: 0
      m_Anchor: 9
    m_Material: {fileID: 2100000, guid: c22777d6e868e4f2fb421913386b154e, type: 2}
    m_SubmeshIndex: 0
    m_ManualUV: 0
    elementGroup: 0
    m_TextureGroup: 6
  - m_Indexes: 8d0000008e0000008f000000
    m_SmoothingGroup: 1
    m_Uv:
      m_UseWorldSpace: 0
      m_FlipU: 0
      m_FlipV: 0
      m_SwapUV: 0
      m_Fill: 1
      m_Scale: {x: 1, y: 1}
      m_Offset: {x: 0, y: 0}
      m_Rotation: 0
      m_Anchor: 9
    m_Material: {fileID: 2100000, guid: c22777d6e868e4f2fb421913386b154e, type: 2}
    m_SubmeshIndex: 0
    m_ManualUV: 0
    elementGroup: 0
    m_TextureGroup: 6
  - m_Indexes: 900000009100000092000000
    m_SmoothingGroup: 1
    m_Uv:
      m_UseWorldSpace: 0
      m_FlipU: 0
      m_FlipV: 0
      m_SwapUV: 0
      m_Fill: 1
      m_Scale: {x: 1, y: 1}
      m_Offset: {x: 0, y: 0}
      m_Rotation: 0
      m_Anchor: 9
    m_Material: {fileID: 2100000, guid: c22777d6e868e4f2fb421913386b154e, type: 2}
    m_SubmeshIndex: 0
    m_ManualUV: 0
    elementGroup: 0
    m_TextureGroup: 6
  - m_Indexes: 930000009400000095000000
    m_SmoothingGroup: 1
    m_Uv:
      m_UseWorldSpace: 0
      m_FlipU: 0
      m_FlipV: 0
      m_SwapUV: 0
      m_Fill: 1
      m_Scale: {x: 1, y: 1}
      m_Offset: {x: 0, y: 0}
      m_Rotation: 0
      m_Anchor: 9
    m_Material: {fileID: 2100000, guid: c22777d6e868e4f2fb421913386b154e, type: 2}
    m_SubmeshIndex: 0
    m_ManualUV: 0
    elementGroup: 0
    m_TextureGroup: 6
  - m_Indexes: 960000009700000098000000
    m_SmoothingGroup: 1
    m_Uv:
      m_UseWorldSpace: 0
      m_FlipU: 0
      m_FlipV: 0
      m_SwapUV: 0
      m_Fill: 1
      m_Scale: {x: 1, y: 1}
      m_Offset: {x: 0, y: 0}
      m_Rotation: 0
      m_Anchor: 9
    m_Material: {fileID: 2100000, guid: c22777d6e868e4f2fb421913386b154e, type: 2}
    m_SubmeshIndex: 0
    m_ManualUV: 0
    elementGroup: 0
    m_TextureGroup: 6
  - m_Indexes: 990000009a0000009b000000
    m_SmoothingGroup: 1
    m_Uv:
      m_UseWorldSpace: 0
      m_FlipU: 0
      m_FlipV: 0
      m_SwapUV: 0
      m_Fill: 1
      m_Scale: {x: 1, y: 1}
      m_Offset: {x: 0, y: 0}
      m_Rotation: 0
      m_Anchor: 9
    m_Material: {fileID: 2100000, guid: c22777d6e868e4f2fb421913386b154e, type: 2}
    m_SubmeshIndex: 0
    m_ManualUV: 0
    elementGroup: 0
    m_TextureGroup: 6
  - m_Indexes: 9c0000009d0000009e000000
    m_SmoothingGroup: 1
    m_Uv:
      m_UseWorldSpace: 0
      m_FlipU: 0
      m_FlipV: 0
      m_SwapUV: 0
      m_Fill: 1
      m_Scale: {x: 1, y: 1}
      m_Offset: {x: 0, y: 0}
      m_Rotation: 0
      m_Anchor: 9
    m_Material: {fileID: 2100000, guid: c22777d6e868e4f2fb421913386b154e, type: 2}
    m_SubmeshIndex: 0
    m_ManualUV: 0
    elementGroup: 0
    m_TextureGroup: 6
  - m_Indexes: 9f000000a0000000a1000000
    m_SmoothingGroup: 1
    m_Uv:
      m_UseWorldSpace: 0
      m_FlipU: 0
      m_FlipV: 0
      m_SwapUV: 0
      m_Fill: 1
      m_Scale: {x: 1, y: 1}
      m_Offset: {x: 0, y: 0}
      m_Rotation: 0
      m_Anchor: 9
    m_Material: {fileID: 2100000, guid: c22777d6e868e4f2fb421913386b154e, type: 2}
    m_SubmeshIndex: 0
    m_ManualUV: 0
    elementGroup: 0
    m_TextureGroup: 7
  - m_Indexes: a2000000a3000000a4000000
    m_SmoothingGroup: 1
    m_Uv:
      m_UseWorldSpace: 0
      m_FlipU: 0
      m_FlipV: 0
      m_SwapUV: 0
      m_Fill: 1
      m_Scale: {x: 1, y: 1}
      m_Offset: {x: 0, y: 0}
      m_Rotation: 0
      m_Anchor: 9
    m_Material: {fileID: 2100000, guid: c22777d6e868e4f2fb421913386b154e, type: 2}
    m_SubmeshIndex: 0
    m_ManualUV: 0
    elementGroup: 0
    m_TextureGroup: 7
  - m_Indexes: a5000000a6000000a7000000
    m_SmoothingGroup: 1
    m_Uv:
      m_UseWorldSpace: 0
      m_FlipU: 0
      m_FlipV: 0
      m_SwapUV: 0
      m_Fill: 1
      m_Scale: {x: 1, y: 1}
      m_Offset: {x: 0, y: 0}
      m_Rotation: 0
      m_Anchor: 9
    m_Material: {fileID: 2100000, guid: c22777d6e868e4f2fb421913386b154e, type: 2}
    m_SubmeshIndex: 0
    m_ManualUV: 0
    elementGroup: 0
    m_TextureGroup: 2
  - m_Indexes: a8000000a9000000aa000000
    m_SmoothingGroup: 1
    m_Uv:
      m_UseWorldSpace: 0
      m_FlipU: 0
      m_FlipV: 0
      m_SwapUV: 0
      m_Fill: 1
      m_Scale: {x: 1, y: 1}
      m_Offset: {x: 0, y: 0}
      m_Rotation: 0
      m_Anchor: 9
    m_Material: {fileID: 2100000, guid: c22777d6e868e4f2fb421913386b154e, type: 2}
    m_SubmeshIndex: 0
    m_ManualUV: 0
    elementGroup: 0
    m_TextureGroup: 2
  - m_Indexes: ab000000ac000000ad000000
    m_SmoothingGroup: 1
    m_Uv:
      m_UseWorldSpace: 0
      m_FlipU: 0
      m_FlipV: 0
      m_SwapUV: 0
      m_Fill: 1
      m_Scale: {x: 1, y: 1}
      m_Offset: {x: 0, y: 0}
      m_Rotation: 0
      m_Anchor: 9
    m_Material: {fileID: 2100000, guid: c22777d6e868e4f2fb421913386b154e, type: 2}
    m_SubmeshIndex: 0
    m_ManualUV: 0
    elementGroup: 0
    m_TextureGroup: 2
  - m_Indexes: ae000000af000000b0000000
    m_SmoothingGroup: 1
    m_Uv:
      m_UseWorldSpace: 0
      m_FlipU: 0
      m_FlipV: 0
      m_SwapUV: 0
      m_Fill: 1
      m_Scale: {x: 1, y: 1}
      m_Offset: {x: 0, y: 0}
      m_Rotation: 0
      m_Anchor: 9
    m_Material: {fileID: 2100000, guid: c22777d6e868e4f2fb421913386b154e, type: 2}
    m_SubmeshIndex: 0
    m_ManualUV: 0
    elementGroup: 0
    m_TextureGroup: 2
  - m_Indexes: b1000000b2000000b3000000
    m_SmoothingGroup: 1
    m_Uv:
      m_UseWorldSpace: 0
      m_FlipU: 0
      m_FlipV: 0
      m_SwapUV: 0
      m_Fill: 1
      m_Scale: {x: 1, y: 1}
      m_Offset: {x: 0, y: 0}
      m_Rotation: 0
      m_Anchor: 9
    m_Material: {fileID: 2100000, guid: c22777d6e868e4f2fb421913386b154e, type: 2}
    m_SubmeshIndex: 0
    m_ManualUV: 0
    elementGroup: 0
    m_TextureGroup: 2
  - m_Indexes: b4000000b5000000b6000000
    m_SmoothingGroup: 1
    m_Uv:
      m_UseWorldSpace: 0
      m_FlipU: 0
      m_FlipV: 0
      m_SwapUV: 0
      m_Fill: 1
      m_Scale: {x: 1, y: 1}
      m_Offset: {x: 0, y: 0}
      m_Rotation: 0
      m_Anchor: 9
    m_Material: {fileID: 2100000, guid: c22777d6e868e4f2fb421913386b154e, type: 2}
    m_SubmeshIndex: 0
    m_ManualUV: 0
    elementGroup: 0
    m_TextureGroup: 4
  - m_Indexes: b7000000b8000000b9000000
    m_SmoothingGroup: 1
    m_Uv:
      m_UseWorldSpace: 0
      m_FlipU: 0
      m_FlipV: 0
      m_SwapUV: 0
      m_Fill: 1
      m_Scale: {x: 1, y: 1}
      m_Offset: {x: 0, y: 0}
      m_Rotation: 0
      m_Anchor: 9
    m_Material: {fileID: 2100000, guid: c22777d6e868e4f2fb421913386b154e, type: 2}
    m_SubmeshIndex: 0
    m_ManualUV: 0
    elementGroup: 0
    m_TextureGroup: 4
  - m_Indexes: ba000000bb000000bc000000
    m_SmoothingGroup: 1
    m_Uv:
      m_UseWorldSpace: 0
      m_FlipU: 0
      m_FlipV: 0
      m_SwapUV: 0
      m_Fill: 1
      m_Scale: {x: 1, y: 1}
      m_Offset: {x: 0, y: 0}
      m_Rotation: 0
      m_Anchor: 9
    m_Material: {fileID: 2100000, guid: c22777d6e868e4f2fb421913386b154e, type: 2}
    m_SubmeshIndex: 0
    m_ManualUV: 0
    elementGroup: 0
    m_TextureGroup: 4
  - m_Indexes: bd000000be000000bf000000
    m_SmoothingGroup: 1
    m_Uv:
      m_UseWorldSpace: 0
      m_FlipU: 0
      m_FlipV: 0
      m_SwapUV: 0
      m_Fill: 1
      m_Scale: {x: 1, y: 1}
      m_Offset: {x: 0, y: 0}
      m_Rotation: 0
      m_Anchor: 9
    m_Material: {fileID: 2100000, guid: c22777d6e868e4f2fb421913386b154e, type: 2}
    m_SubmeshIndex: 0
    m_ManualUV: 0
    elementGroup: 0
    m_TextureGroup: 4
  - m_Indexes: c0000000c1000000c2000000
    m_SmoothingGroup: 1
    m_Uv:
      m_UseWorldSpace: 0
      m_FlipU: 0
      m_FlipV: 0
      m_SwapUV: 0
      m_Fill: 1
      m_Scale: {x: 1, y: 1}
      m_Offset: {x: 0, y: 0}
      m_Rotation: 0
      m_Anchor: 9
    m_Material: {fileID: 2100000, guid: c22777d6e868e4f2fb421913386b154e, type: 2}
    m_SubmeshIndex: 0
    m_ManualUV: 0
    elementGroup: 0
    m_TextureGroup: 6
  - m_Indexes: c3000000c4000000c5000000
    m_SmoothingGroup: 1
    m_Uv:
      m_UseWorldSpace: 0
      m_FlipU: 0
      m_FlipV: 0
      m_SwapUV: 0
      m_Fill: 1
      m_Scale: {x: 1, y: 1}
      m_Offset: {x: 0, y: 0}
      m_Rotation: 0
      m_Anchor: 9
    m_Material: {fileID: 2100000, guid: c22777d6e868e4f2fb421913386b154e, type: 2}
    m_SubmeshIndex: 0
    m_ManualUV: 0
    elementGroup: 0
    m_TextureGroup: 4
  - m_Indexes: c6000000c7000000c8000000
    m_SmoothingGroup: 1
    m_Uv:
      m_UseWorldSpace: 0
      m_FlipU: 0
      m_FlipV: 0
      m_SwapUV: 0
      m_Fill: 1
      m_Scale: {x: 1, y: 1}
      m_Offset: {x: 0, y: 0}
      m_Rotation: 0
      m_Anchor: 9
    m_Material: {fileID: 2100000, guid: c22777d6e868e4f2fb421913386b154e, type: 2}
    m_SubmeshIndex: 0
    m_ManualUV: 0
    elementGroup: 0
    m_TextureGroup: 4
  - m_Indexes: c9000000ca000000cb000000
    m_SmoothingGroup: 1
    m_Uv:
      m_UseWorldSpace: 0
      m_FlipU: 0
      m_FlipV: 0
      m_SwapUV: 0
      m_Fill: 1
      m_Scale: {x: 1, y: 1}
      m_Offset: {x: 0, y: 0}
      m_Rotation: 0
      m_Anchor: 9
    m_Material: {fileID: 2100000, guid: c22777d6e868e4f2fb421913386b154e, type: 2}
    m_SubmeshIndex: 0
    m_ManualUV: 0
    elementGroup: 0
    m_TextureGroup: 5
  - m_Indexes: cc000000cd000000ce000000
    m_SmoothingGroup: 1
    m_Uv:
      m_UseWorldSpace: 0
      m_FlipU: 0
      m_FlipV: 0
      m_SwapUV: 0
      m_Fill: 1
      m_Scale: {x: 1, y: 1}
      m_Offset: {x: 0, y: 0}
      m_Rotation: 0
      m_Anchor: 9
    m_Material: {fileID: 2100000, guid: c22777d6e868e4f2fb421913386b154e, type: 2}
    m_SubmeshIndex: 0
    m_ManualUV: 0
    elementGroup: 0
    m_TextureGroup: 7
  - m_Indexes: cf000000d0000000d1000000
    m_SmoothingGroup: 1
    m_Uv:
      m_UseWorldSpace: 0
      m_FlipU: 0
      m_FlipV: 0
      m_SwapUV: 0
      m_Fill: 1
      m_Scale: {x: 1, y: 1}
      m_Offset: {x: 0, y: 0}
      m_Rotation: 0
      m_Anchor: 9
    m_Material: {fileID: 2100000, guid: c22777d6e868e4f2fb421913386b154e, type: 2}
    m_SubmeshIndex: 0
    m_ManualUV: 0
    elementGroup: 0
    m_TextureGroup: 6
  - m_Indexes: d2000000d3000000d4000000
    m_SmoothingGroup: 1
    m_Uv:
      m_UseWorldSpace: 0
      m_FlipU: 0
      m_FlipV: 0
      m_SwapUV: 0
      m_Fill: 1
      m_Scale: {x: 1, y: 1}
      m_Offset: {x: 0, y: 0}
      m_Rotation: 0
      m_Anchor: 9
    m_Material: {fileID: 2100000, guid: c22777d6e868e4f2fb421913386b154e, type: 2}
    m_SubmeshIndex: 0
    m_ManualUV: 0
    elementGroup: 0
    m_TextureGroup: 7
  - m_Indexes: d5000000d6000000d7000000
    m_SmoothingGroup: 1
    m_Uv:
      m_UseWorldSpace: 0
      m_FlipU: 0
      m_FlipV: 0
      m_SwapUV: 0
      m_Fill: 1
      m_Scale: {x: 1, y: 1}
      m_Offset: {x: 0, y: 0}
      m_Rotation: 0
      m_Anchor: 9
    m_Material: {fileID: 2100000, guid: c22777d6e868e4f2fb421913386b154e, type: 2}
    m_SubmeshIndex: 0
    m_ManualUV: 0
    elementGroup: 0
    m_TextureGroup: 5
  - m_Indexes: d8000000d9000000da000000
    m_SmoothingGroup: 1
    m_Uv:
      m_UseWorldSpace: 0
      m_FlipU: 0
      m_FlipV: 0
      m_SwapUV: 0
      m_Fill: 1
      m_Scale: {x: 1, y: 1}
      m_Offset: {x: 0, y: 0}
      m_Rotation: 0
      m_Anchor: 9
    m_Material: {fileID: 2100000, guid: c22777d6e868e4f2fb421913386b154e, type: 2}
    m_SubmeshIndex: 0
    m_ManualUV: 0
    elementGroup: 0
    m_TextureGroup: 7
  - m_Indexes: db000000dc000000dd000000
    m_SmoothingGroup: 1
    m_Uv:
      m_UseWorldSpace: 0
      m_FlipU: 0
      m_FlipV: 0
      m_SwapUV: 0
      m_Fill: 1
      m_Scale: {x: 1, y: 1}
      m_Offset: {x: 0, y: 0}
      m_Rotation: 0
      m_Anchor: 9
    m_Material: {fileID: 2100000, guid: c22777d6e868e4f2fb421913386b154e, type: 2}
    m_SubmeshIndex: 0
    m_ManualUV: 0
    elementGroup: 0
    m_TextureGroup: 7
  - m_Indexes: de000000df000000e0000000
    m_SmoothingGroup: 1
    m_Uv:
      m_UseWorldSpace: 0
      m_FlipU: 0
      m_FlipV: 0
      m_SwapUV: 0
      m_Fill: 1
      m_Scale: {x: 1, y: 1}
      m_Offset: {x: 0, y: 0}
      m_Rotation: 0
      m_Anchor: 9
    m_Material: {fileID: 2100000, guid: c22777d6e868e4f2fb421913386b154e, type: 2}
    m_SubmeshIndex: 0
    m_ManualUV: 0
    elementGroup: 0
    m_TextureGroup: 7
  - m_Indexes: e1000000e2000000e3000000
    m_SmoothingGroup: 1
    m_Uv:
      m_UseWorldSpace: 0
      m_FlipU: 0
      m_FlipV: 0
      m_SwapUV: 0
      m_Fill: 1
      m_Scale: {x: 1, y: 1}
      m_Offset: {x: 0, y: 0}
      m_Rotation: 0
      m_Anchor: 9
    m_Material: {fileID: 2100000, guid: c22777d6e868e4f2fb421913386b154e, type: 2}
    m_SubmeshIndex: 0
    m_ManualUV: 0
    elementGroup: 0
    m_TextureGroup: 7
  - m_Indexes: e4000000e5000000e6000000
    m_SmoothingGroup: 1
    m_Uv:
      m_UseWorldSpace: 0
      m_FlipU: 0
      m_FlipV: 0
      m_SwapUV: 0
      m_Fill: 1
      m_Scale: {x: 1, y: 1}
      m_Offset: {x: 0, y: 0}
      m_Rotation: 0
      m_Anchor: 9
    m_Material: {fileID: 2100000, guid: c22777d6e868e4f2fb421913386b154e, type: 2}
    m_SubmeshIndex: 0
    m_ManualUV: 0
    elementGroup: 0
    m_TextureGroup: 2
  - m_Indexes: e7000000e8000000e9000000
    m_SmoothingGroup: 1
    m_Uv:
      m_UseWorldSpace: 0
      m_FlipU: 0
      m_FlipV: 0
      m_SwapUV: 0
      m_Fill: 1
      m_Scale: {x: 1, y: 1}
      m_Offset: {x: 0, y: 0}
      m_Rotation: 0
      m_Anchor: 9
    m_Material: {fileID: 2100000, guid: c22777d6e868e4f2fb421913386b154e, type: 2}
    m_SubmeshIndex: 0
    m_ManualUV: 0
    elementGroup: 0
    m_TextureGroup: 2
  - m_Indexes: ea000000eb000000ec000000
    m_SmoothingGroup: 1
    m_Uv:
      m_UseWorldSpace: 0
      m_FlipU: 0
      m_FlipV: 0
      m_SwapUV: 0
      m_Fill: 1
      m_Scale: {x: 1, y: 1}
      m_Offset: {x: 0, y: 0}
      m_Rotation: 0
      m_Anchor: 9
    m_Material: {fileID: 2100000, guid: c22777d6e868e4f2fb421913386b154e, type: 2}
    m_SubmeshIndex: 0
    m_ManualUV: 0
    elementGroup: 0
    m_TextureGroup: 2
  - m_Indexes: ed000000ee000000ef000000
    m_SmoothingGroup: 1
    m_Uv:
      m_UseWorldSpace: 0
      m_FlipU: 0
      m_FlipV: 0
      m_SwapUV: 0
      m_Fill: 1
      m_Scale: {x: 1, y: 1}
      m_Offset: {x: 0, y: 0}
      m_Rotation: 0
      m_Anchor: 9
    m_Material: {fileID: 2100000, guid: c22777d6e868e4f2fb421913386b154e, type: 2}
    m_SubmeshIndex: 0
    m_ManualUV: 0
    elementGroup: 0
    m_TextureGroup: 2
  m_SharedVertices:
  - m_Vertices: 000000000c000000180000002400000030000000
  - m_Vertices: 010000000300000006000000320000003800000039000000
  - m_Vertices: 0200000008000000090000000d0000000f00000012000000
  - m_Vertices: 040000003b0000004c00000054000000cb000000
  - m_Vertices: 05000000070000000a000000490000004b0000004e000000
  - m_Vertices: 0b000000100000004000000048000000bf000000
  - m_Vertices: 0e0000001400000015000000190000001b0000001e000000
  - m_Vertices: 1100000013000000160000003d0000003f00000042000000
  - m_Vertices: 170000001c0000003c00000070000000ef000000
  - m_Vertices: 1a000000200000002100000025000000270000002a000000
  - m_Vertices: 1d0000001f000000220000006d0000006f00000072000000
  - m_Vertices: 2300000028000000640000006c000000e3000000
  - m_Vertices: 260000002c0000002d000000310000003300000036000000
  - m_Vertices: 290000002b0000002e000000610000006300000066000000
  - m_Vertices: 2f000000340000005800000060000000d7000000
  - m_Vertices: 35000000370000003a00000055000000570000005a000000
  - m_Vertices: 3e0000004400000045000000e6000000ec000000ed000000
  - m_Vertices: 410000004300000046000000b9000000bb000000be000000
  - m_Vertices: 470000007c000000b3000000b8000000e4000000
  - m_Vertices: 4a0000005000000051000000b6000000bc000000bd000000
  - m_Vertices: 4d0000004f00000052000000c5000000c7000000ca000000
  - m_Vertices: 530000008300000088000000b4000000c4000000
  - m_Vertices: 560000005c0000005d000000c2000000c8000000c9000000
  - m_Vertices: 590000005b0000005e000000d1000000d3000000d6000000
  - m_Vertices: 5f0000008f00000094000000c0000000d0000000
  - m_Vertices: 620000006800000069000000ce000000d4000000d5000000
  - m_Vertices: 65000000670000006a000000dd000000df000000e2000000
  - m_Vertices: 6b0000009b000000a0000000cc000000dc000000
  - m_Vertices: 6e0000007400000075000000da000000e0000000e1000000
  - m_Vertices: 710000007300000076000000e9000000eb000000ee000000
  - m_Vertices: 77000000a7000000ac000000d8000000e8000000
  - m_Vertices: 7800000084000000900000009c000000a8000000
  - m_Vertices: 790000007b0000007e000000aa000000b0000000b1000000
  - m_Vertices: 7a000000800000008100000085000000870000008a000000
  - m_Vertices: 7d0000007f00000082000000b5000000b7000000ba000000
  - m_Vertices: 860000008c0000008d000000910000009300000096000000
  - m_Vertices: 890000008b0000008e000000c1000000c3000000c6000000
  - m_Vertices: 9200000098000000990000009d0000009f000000a2000000
  - m_Vertices: 95000000970000009a000000cd000000cf000000d2000000
  - m_Vertices: 9e000000a4000000a5000000a9000000ab000000ae000000
  - m_Vertices: a1000000a3000000a6000000d9000000db000000de000000
  - m_Vertices: ad000000af000000b2000000e5000000e7000000ea000000
  m_SharedTextures: []
  m_Positions:
  - {x: 0.2213913, y: 0.34020597, z: -0.26525497}
  - {x: 0.13357267, y: 0.28410184, z: -0.18800074}
  - {x: 0.28857267, y: 0.33354458, z: -0.14025497}
  - {x: 0.13357267, y: 0.28410184, z: -0.18800074}
  - {x: 0.120666206, y: 0.20410186, z: -0.1338222}
  - {x: 0.22936794, y: 0.25354457, z: -0.06300072}
  - {x: 0.13357267, y: 0.28410184, z: -0.18800074}
  - {x: 0.22936794, y: 0.25354457, z: -0.06300072}
  - {x: 0.28857267, y: 0.33354458, z: -0.14025497}
  - {x: 0.28857267, y: 0.33354458, z: -0.14025497}
  - {x: 0.22936794, y: 0.25354457, z: -0.06300072}
  - {x: 0.38436794, y: 0.28821883, z: -0.052592278}
  - {x: 0.2213913, y: 0.34020597, z: -0.26525497}
  - {x: 0.28857267, y: 0.33354458, z: -0.14025497}
  - {x: 0.38436794, y: 0.36410186, z: -0.26525497}
  - {x: 0.28857267, y: 0.33354458, z: -0.14025497}
  - {x: 0.38436794, y: 0.28821883, z: -0.052592278}
  - {x: 0.4801632, y: 0.33354458, z: -0.14025497}
  - {x: 0.28857267, y: 0.33354458, z: -0.14025497}
  - {x: 0.4801632, y: 0.33354458, z: -0.14025497}
  - {x: 0.38436794, y: 0.36410186, z: -0.26525497}
  - {x: 0.38436794, y: 0.36410186, z: -0.26525497}
  - {x: 0.4801632, y: 0.33354458, z: -0.14025497}
  - {x: 0.54734457, y: 0.34020597, z: -0.26525497}
  - {x: 0.2213913, y: 0.34020597, z: -0.26525497}
  - {x: 0.38436794, y: 0.36410186, z: -0.26525497}
  - {x: 0.28857267, y: 0.33354458, z: -0.39025497}
  - {x: 0.38436794, y: 0.36410186, z: -0.26525497}
  - {x: 0.54734457, y: 0.34020597, z: -0.26525497}
  - {x: 0.4801632, y: 0.33354458, z: -0.39025497}
  - {x: 0.38436794, y: 0.36410186, z: -0.26525497}
  - {x: 0.4801632, y: 0.33354458, z: -0.39025497}
  - {x: 0.28857267, y: 0.33354458, z: -0.39025497}
  - {x: 0.28857267, y: 0.33354458, z: -0.39025497}
  - {x: 0.4801632, y: 0.33354458, z: -0.39025497}
  - {x: 0.38436794, y: 0.28821883, z: -0.47791767}
  - {x: 0.2213913, y: 0.34020597, z: -0.26525497}
  - {x: 0.28857267, y: 0.33354458, z: -0.39025497}
  - {x: 0.13357267, y: 0.28410184, z: -0.3425092}
  - {x: 0.28857267, y: 0.33354458, z: -0.39025497}
  - {x: 0.38436794, y: 0.28821883, z: -0.47791767}
  - {x: 0.22936794, y: 0.25354457, z: -0.4675092}
  - {x: 0.28857267, y: 0.33354458, z: -0.39025497}
  - {x: 0.22936794, y: 0.25354457, z: -0.4675092}
  - {x: 0.13357267, y: 0.28410184, z: -0.3425092}
  - {x: 0.13357267, y: 0.28410184, z: -0.3425092}
  - {x: 0.22936794, y: 0.25354457, z: -0.4675092}
  - {x: 0.120666206, y: 0.20410186, z: -0.39668775}
  - {x: 0.2213913, y: 0.34020597, z: -0.26525497}
  - {x: 0.13357267, y: 0.28410184, z: -0.3425092}
  - {x: 0.13357267, y: 0.28410184, z: -0.18800074}
  - {x: 0.13357267, y: 0.28410184, z: -0.3425092}
  - {x: 0.120666206, y: 0.20410186, z: -0.39668775}
  - {x: 0.07436794, y: 0.20410186, z: -0.26525497}
  - {x: 0.13357267, y: 0.28410184, z: -0.3425092}
  - {x: 0.07436794, y: 0.20410186, z: -0.26525497}
  - {x: 0.13357267, y: 0.28410184, z: -0.18800074}
  - {x: 0.13357267, y: 0.28410184, z: -0.18800074}
  - {x: 0.07436794, y: 0.20410186, z: -0.26525497}
  - {x: 0.120666206, y: 0.20410186, z: -0.1338222}
  - {x: 0.54734457, y: 0.34020597, z: -0.26525497}
  - {x: 0.4801632, y: 0.33354458, z: -0.14025497}
  - {x: 0.6351632, y: 0.28410184, z: -0.18800074}
  - {x: 0.4801632, y: 0.33354458, z: -0.14025497}
  - {x: 0.38436794, y: 0.28821883, z: -0.052592278}
  - {x: 0.5393679, y: 0.25354457, z: -0.06300072}
  - {x: 0.4801632, y: 0.33354458, z: -0.14025497}
  - {x: 0.5393679, y: 0.25354457, z: -0.06300072}
  - {x: 0.6351632, y: 0.28410184, z: -0.18800074}
  - {x: 0.6351632, y: 0.28410184, z: -0.18800074}
  - {x: 0.5393679, y: 0.25354457, z: -0.06300072}
  - {x: 0.6480697, y: 0.20410186, z: -0.1338222}
  - {x: 0.38436794, y: 0.28821883, z: -0.052592278}
  - {x: 0.22936794, y: 0.25354457, z: -0.06300072}
  - {x: 0.38436794, y: 0.20410186, z: -0.015254974}
  - {x: 0.22936794, y: 0.25354457, z: -0.06300072}
  - {x: 0.120666206, y: 0.20410186, z: -0.1338222}
  - {x: 0.22936794, y: 0.15465915, z: -0.06300072}
  - {x: 0.22936794, y: 0.25354457, z: -0.06300072}
  - {x: 0.22936794, y: 0.15465915, z: -0.06300072}
  - {x: 0.38436794, y: 0.20410186, z: -0.015254974}
  - {x: 0.38436794, y: 0.20410186, z: -0.015254974}
  - {x: 0.22936794, y: 0.15465915, z: -0.06300072}
  - {x: 0.38436794, y: 0.11998489, z: -0.052592278}
  - {x: 0.120666206, y: 0.20410186, z: -0.1338222}
  - {x: 0.07436794, y: 0.20410186, z: -0.26525497}
  - {x: 0.13357267, y: 0.12410186, z: -0.18800074}
  - {x: 0.07436794, y: 0.20410186, z: -0.26525497}
  - {x: 0.120666206, y: 0.20410186, z: -0.39668775}
  - {x: 0.13357267, y: 0.12410186, z: -0.3425092}
  - {x: 0.07436794, y: 0.20410186, z: -0.26525497}
  - {x: 0.13357267, y: 0.12410186, z: -0.3425092}
  - {x: 0.13357267, y: 0.12410186, z: -0.18800074}
  - {x: 0.13357267, y: 0.12410186, z: -0.18800074}
  - {x: 0.13357267, y: 0.12410186, z: -0.3425092}
  - {x: 0.2213913, y: 0.06799774, z: -0.26525497}
  - {x: 0.120666206, y: 0.20410186, z: -0.39668775}
  - {x: 0.22936794, y: 0.25354457, z: -0.4675092}
  - {x: 0.22936794, y: 0.15465915, z: -0.4675092}
  - {x: 0.22936794, y: 0.25354457, z: -0.4675092}
  - {x: 0.38436794, y: 0.28821883, z: -0.47791767}
  - {x: 0.38436794, y: 0.20410186, z: -0.515255}
  - {x: 0.22936794, y: 0.25354457, z: -0.4675092}
  - {x: 0.38436794, y: 0.20410186, z: -0.515255}
  - {x: 0.22936794, y: 0.15465915, z: -0.4675092}
  - {x: 0.22936794, y: 0.15465915, z: -0.4675092}
  - {x: 0.38436794, y: 0.20410186, z: -0.515255}
  - {x: 0.38436794, y: 0.11998489, z: -0.47791767}
  - {x: 0.38436794, y: 0.28821883, z: -0.47791767}
  - {x: 0.4801632, y: 0.33354458, z: -0.39025497}
  - {x: 0.5393679, y: 0.25354457, z: -0.4675092}
  - {x: 0.4801632, y: 0.33354458, z: -0.39025497}
  - {x: 0.54734457, y: 0.34020597, z: -0.26525497}
  - {x: 0.6351632, y: 0.28410184, z: -0.3425092}
  - {x: 0.4801632, y: 0.33354458, z: -0.39025497}
  - {x: 0.6351632, y: 0.28410184, z: -0.3425092}
  - {x: 0.5393679, y: 0.25354457, z: -0.4675092}
  - {x: 0.5393679, y: 0.25354457, z: -0.4675092}
  - {x: 0.6351632, y: 0.28410184, z: -0.3425092}
  - {x: 0.6480697, y: 0.20410186, z: -0.39668775}
  - {x: 0.54734457, y: 0.06799774, z: -0.26525497}
  - {x: 0.6351632, y: 0.12410186, z: -0.18800074}
  - {x: 0.4801632, y: 0.07465914, z: -0.14025497}
  - {x: 0.6351632, y: 0.12410186, z: -0.18800074}
  - {x: 0.6480697, y: 0.20410186, z: -0.1338222}
  - {x: 0.5393679, y: 0.15465915, z: -0.06300072}
  - {x: 0.6351632, y: 0.12410186, z: -0.18800074}
  - {x: 0.5393679, y: 0.15465915, z: -0.06300072}
  - {x: 0.4801632, y: 0.07465914, z: -0.14025497}
  - {x: 0.4801632, y: 0.07465914, z: -0.14025497}
  - {x: 0.5393679, y: 0.15465915, z: -0.06300072}
  - {x: 0.38436794, y: 0.11998489, z: -0.052592278}
  - {x: 0.54734457, y: 0.06799774, z: -0.26525497}
  - {x: 0.4801632, y: 0.07465914, z: -0.14025497}
  - {x: 0.38436794, y: 0.044101864, z: -0.26525497}
  - {x: 0.4801632, y: 0.07465914, z: -0.14025497}
  - {x: 0.38436794, y: 0.11998489, z: -0.052592278}
  - {x: 0.28857267, y: 0.07465914, z: -0.14025497}
  - {x: 0.4801632, y: 0.07465914, z: -0.14025497}
  - {x: 0.28857267, y: 0.07465914, z: -0.14025497}
  - {x: 0.38436794, y: 0.044101864, z: -0.26525497}
  - {x: 0.38436794, y: 0.044101864, z: -0.26525497}
  - {x: 0.28857267, y: 0.07465914, z: -0.14025497}
  - {x: 0.2213913, y: 0.06799774, z: -0.26525497}
  - {x: 0.54734457, y: 0.06799774, z: -0.26525497}
  - {x: 0.38436794, y: 0.044101864, z: -0.26525497}
  - {x: 0.4801632, y: 0.07465914, z: -0.39025497}
  - {x: 0.38436794, y: 0.044101864, z: -0.26525497}
  - {x: 0.2213913, y: 0.06799774, z: -0.26525497}
  - {x: 0.28857267, y: 0.07465914, z: -0.39025497}
  - {x: 0.38436794, y: 0.044101864, z: -0.26525497}
  - {x: 0.28857267, y: 0.07465914, z: -0.39025497}
  - {x: 0.4801632, y: 0.07465914, z: -0.39025497}
  - {x: 0.4801632, y: 0.07465914, z: -0.39025497}
  - {x: 0.28857267, y: 0.07465914, z: -0.39025497}
  - {x: 0.38436794, y: 0.11998489, z: -0.47791767}
  - {x: 0.54734457, y: 0.06799774, z: -0.26525497}
  - {x: 0.4801632, y: 0.07465914, z: -0.39025497}
  - {x: 0.6351632, y: 0.12410186, z: -0.3425092}
  - {x: 0.4801632, y: 0.07465914, z: -0.39025497}
  - {x: 0.38436794, y: 0.11998489, z: -0.47791767}
  - {x: 0.5393679, y: 0.15465915, z: -0.4675092}
  - {x: 0.4801632, y: 0.07465914, z: -0.39025497}
  - {x: 0.5393679, y: 0.15465915, z: -0.4675092}
  - {x: 0.6351632, y: 0.12410186, z: -0.3425092}
  - {x: 0.6351632, y: 0.12410186, z: -0.3425092}
  - {x: 0.5393679, y: 0.15465915, z: -0.4675092}
  - {x: 0.6480697, y: 0.20410186, z: -0.39668775}
  - {x: 0.54734457, y: 0.06799774, z: -0.26525497}
  - {x: 0.6351632, y: 0.12410186, z: -0.3425092}
  - {x: 0.6351632, y: 0.12410186, z: -0.18800074}
  - {x: 0.6351632, y: 0.12410186, z: -0.3425092}
  - {x: 0.6480697, y: 0.20410186, z: -0.39668775}
  - {x: 0.69436795, y: 0.20410186, z: -0.26525497}
  - {x: 0.6351632, y: 0.12410186, z: -0.3425092}
  - {x: 0.69436795, y: 0.20410186, z: -0.26525497}
  - {x: 0.6351632, y: 0.12410186, z: -0.18800074}
  - {x: 0.6351632, y: 0.12410186, z: -0.18800074}
  - {x: 0.69436795, y: 0.20410186, z: -0.26525497}
  - {x: 0.6480697, y: 0.20410186, z: -0.1338222}
  - {x: 0.38436794, y: 0.11998489, z: -0.052592278}
  - {x: 0.5393679, y: 0.15465915, z: -0.06300072}
  - {x: 0.38436794, y: 0.20410186, z: -0.015254974}
  - {x: 0.5393679, y: 0.15465915, z: -0.06300072}
  - {x: 0.6480697, y: 0.20410186, z: -0.1338222}
  - {x: 0.5393679, y: 0.25354457, z: -0.06300072}
  - {x: 0.5393679, y: 0.15465915, z: -0.06300072}
  - {x: 0.5393679, y: 0.25354457, z: -0.06300072}
  - {x: 0.38436794, y: 0.20410186, z: -0.015254974}
  - {x: 0.38436794, y: 0.20410186, z: -0.015254974}
  - {x: 0.5393679, y: 0.25354457, z: -0.06300072}
  - {x: 0.38436794, y: 0.28821883, z: -0.052592278}
  - {x: 0.2213913, y: 0.06799774, z: -0.26525497}
  - {x: 0.28857267, y: 0.07465914, z: -0.14025497}
  - {x: 0.13357267, y: 0.12410186, z: -0.18800074}
  - {x: 0.28857267, y: 0.07465914, z: -0.14025497}
  - {x: 0.38436794, y: 0.11998489, z: -0.052592278}
  - {x: 0.22936794, y: 0.15465915, z: -0.06300072}
  - {x: 0.28857267, y: 0.07465914, z: -0.14025497}
  - {x: 0.22936794, y: 0.15465915, z: -0.06300072}
  - {x: 0.13357267, y: 0.12410186, z: -0.18800074}
  - {x: 0.13357267, y: 0.12410186, z: -0.18800074}
  - {x: 0.22936794, y: 0.15465915, z: -0.06300072}
  - {x: 0.120666206, y: 0.20410186, z: -0.1338222}
  - {x: 0.38436794, y: 0.11998489, z: -0.47791767}
  - {x: 0.28857267, y: 0.07465914, z: -0.39025497}
  - {x: 0.22936794, y: 0.15465915, z: -0.4675092}
  - {x: 0.28857267, y: 0.07465914, z: -0.39025497}
  - {x: 0.2213913, y: 0.06799774, z: -0.26525497}
  - {x: 0.13357267, y: 0.12410186, z: -0.3425092}
  - {x: 0.28857267, y: 0.07465914, z: -0.39025497}
  - {x: 0.13357267, y: 0.12410186, z: -0.3425092}
  - {x: 0.22936794, y: 0.15465915, z: -0.4675092}
  - {x: 0.22936794, y: 0.15465915, z: -0.4675092}
  - {x: 0.13357267, y: 0.12410186, z: -0.3425092}
  - {x: 0.120666206, y: 0.20410186, z: -0.39668775}
  - {x: 0.6480697, y: 0.20410186, z: -0.39668775}
  - {x: 0.5393679, y: 0.15465915, z: -0.4675092}
  - {x: 0.5393679, y: 0.25354457, z: -0.4675092}
  - {x: 0.5393679, y: 0.15465915, z: -0.4675092}
  - {x: 0.38436794, y: 0.11998489, z: -0.47791767}
  - {x: 0.38436794, y: 0.20410186, z: -0.515255}
  - {x: 0.5393679, y: 0.15465915, z: -0.4675092}
  - {x: 0.38436794, y: 0.20410186, z: -0.515255}
  - {x: 0.5393679, y: 0.25354457, z: -0.4675092}
  - {x: 0.5393679, y: 0.25354457, z: -0.4675092}
  - {x: 0.38436794, y: 0.20410186, z: -0.515255}
  - {x: 0.38436794, y: 0.28821883, z: -0.47791767}
  - {x: 0.6480697, y: 0.20410186, z: -0.1338222}
  - {x: 0.69436795, y: 0.20410186, z: -0.26525497}
  - {x: 0.6351632, y: 0.28410184, z: -0.18800074}
  - {x: 0.69436795, y: 0.20410186, z: -0.26525497}
  - {x: 0.6480697, y: 0.20410186, z: -0.39668775}
  - {x: 0.6351632, y: 0.28410184, z: -0.3425092}
  - {x: 0.69436795, y: 0.20410186, z: -0.26525497}
  - {x: 0.6351632, y: 0.28410184, z: -0.3425092}
  - {x: 0.6351632, y: 0.28410184, z: -0.18800074}
  - {x: 0.6351632, y: 0.28410184, z: -0.18800074}
  - {x: 0.6351632, y: 0.28410184, z: -0.3425092}
  - {x: 0.54734457, y: 0.34020597, z: -0.26525497}
  m_Textures0:
  - {x: 0.2213913, y: -0.26525497}
  - {x: 0.13357267, y: -0.18800074}
  - {x: 0.28857267, y: -0.14025497}
  - {x: 0.18800074, y: 0.28410184}
  - {x: 0.1338222, y: 0.20410186}
  - {x: 0.06300072, y: 0.25354457}
  - {x: -0.13357267, y: 0.28410184}
  - {x: -0.22936794, y: 0.25354457}
  - {x: -0.28857267, y: 0.33354458}
  - {x: -0.28857267, y: 0.33354458}
  - {x: -0.22936794, y: 0.25354457}
  - {x: -0.38436794, y: 0.28821883}
  - {x: 0.2213913, y: -0.26525497}
  - {x: 0.28857267, y: -0.14025497}
  - {x: 0.38436794, y: -0.26525497}
  - {x: 0.28857267, y: -0.14025497}
  - {x: 0.38436794, y: -0.052592278}
  - {x: 0.4801632, y: -0.14025497}
  - {x: 0.28857267, y: -0.14025497}
  - {x: 0.4801632, y: -0.14025497}
  - {x: 0.38436794, y: -0.26525497}
  - {x: 0.38436794, y: -0.26525497}
  - {x: 0.4801632, y: -0.14025497}
  - {x: 0.54734457, y: -0.26525497}
  - {x: 0.2213913, y: -0.26525497}
  - {x: 0.38436794, y: -0.26525497}
  - {x: 0.28857267, y: -0.39025497}
  - {x: 0.38436794, y: -0.26525497}
  - {x: 0.54734457, y: -0.26525497}
  - {x: 0.4801632, y: -0.39025497}
  - {x: 0.38436794, y: -0.26525497}
  - {x: 0.4801632, y: -0.39025497}
  - {x: 0.28857267, y: -0.39025497}
  - {x: 0.28857267, y: -0.39025497}
  - {x: 0.4801632, y: -0.39025497}
  - {x: 0.38436794, y: -0.47791767}
  - {x: 0.2213913, y: -0.26525497}
  - {x: 0.28857267, y: -0.39025497}
  - {x: 0.13357267, y: -0.3425092}
  - {x: 0.28857267, y: 0.33354458}
  - {x: 0.38436794, y: 0.28821883}
  - {x: 0.22936794, y: 0.25354457}
  - {x: 0.28857267, y: 0.33354458}
  - {x: 0.22936794, y: 0.25354457}
  - {x: 0.13357267, y: 0.28410184}
  - {x: 0.3425092, y: 0.28410184}
  - {x: 0.4675092, y: 0.25354457}
  - {x: 0.39668775, y: 0.20410186}
  - {x: 0.26525497, y: 0.34020597}
  - {x: 0.3425092, y: 0.28410184}
  - {x: 0.18800074, y: 0.28410184}
  - {x: 0.3425092, y: 0.28410184}
  - {x: 0.39668775, y: 0.20410186}
  - {x: 0.26525497, y: 0.20410186}
  - {x: 0.3425092, y: 0.28410184}
  - {x: 0.26525497, y: 0.20410186}
  - {x: 0.18800074, y: 0.28410184}
  - {x: 0.18800074, y: 0.28410184}
  - {x: 0.26525497, y: 0.20410186}
  - {x: 0.1338222, y: 0.20410186}
  - {x: 0.54734457, y: -0.26525497}
  - {x: 0.4801632, y: -0.14025497}
  - {x: 0.6351632, y: -0.18800074}
  - {x: -0.4801632, y: 0.33354458}
  - {x: -0.38436794, y: 0.28821883}
  - {x: -0.5393679, y: 0.25354457}
  - {x: -0.4801632, y: 0.33354458}
  - {x: -0.5393679, y: 0.25354457}
  - {x: -0.6351632, y: 0.28410184}
  - {x: -0.18800074, y: 0.2841018}
  - {x: -0.06300072, y: 0.25354457}
  - {x: -0.1338222, y: 0.20410185}
  - {x: -0.38436794, y: 0.28821883}
  - {x: -0.22936794, y: 0.25354457}
  - {x: -0.38436794, y: 0.20410186}
  - {x: -0.22936794, y: 0.25354457}
  - {x: -0.120666206, y: 0.20410186}
  - {x: -0.22936794, y: 0.15465915}
  - {x: -0.22936794, y: 0.25354457}
  - {x: -0.22936794, y: 0.15465915}
  - {x: -0.38436794, y: 0.20410186}
  - {x: -0.38436794, y: 0.20410186}
  - {x: -0.22936794, y: 0.15465915}
  - {x: -0.38436794, y: 0.11998489}
  - {x: 0.1338222, y: 0.20410186}
  - {x: 0.26525497, y: 0.20410186}
  - {x: 0.18800074, y: 0.12410186}
  - {x: 0.26525497, y: 0.20410186}
  - {x: 0.39668775, y: 0.20410186}
  - {x: 0.3425092, y: 0.12410186}
  - {x: 0.26525497, y: 0.20410186}
  - {x: 0.3425092, y: 0.12410186}
  - {x: 0.18800074, y: 0.12410186}
  - {x: 0.18800074, y: 0.12410186}
  - {x: 0.3425092, y: 0.12410186}
  - {x: 0.26525497, y: 0.06799774}
  - {x: 0.1206662, y: 0.20410186}
  - {x: 0.22936794, y: 0.25354457}
  - {x: 0.22936794, y: 0.15465915}
  - {x: 0.22936794, y: 0.25354457}
  - {x: 0.38436794, y: 0.28821883}
  - {x: 0.38436794, y: 0.20410186}
  - {x: 0.22936794, y: 0.25354457}
  - {x: 0.38436794, y: 0.20410186}
  - {x: 0.22936794, y: 0.15465915}
  - {x: 0.22936794, y: 0.15465915}
  - {x: 0.38436794, y: 0.20410186}
  - {x: 0.38436794, y: 0.11998489}
  - {x: 0.38436794, y: 0.28821883}
  - {x: 0.4801632, y: 0.33354458}
  - {x: 0.5393679, y: 0.25354457}
  - {x: 0.4801632, y: -0.39025497}
  - {x: 0.54734457, y: -0.26525497}
  - {x: 0.6351632, y: -0.3425092}
  - {x: 0.4801632, y: 0.33354458}
  - {x: 0.6351632, y: 0.28410184}
  - {x: 0.5393679, y: 0.25354457}
  - {x: -0.4675092, y: 0.25354457}
  - {x: -0.3425092, y: 0.2841018}
  - {x: -0.39668775, y: 0.20410185}
  - {x: -0.54734457, y: -0.26525497}
  - {x: -0.6351632, y: -0.18800074}
  - {x: -0.4801632, y: -0.14025497}
  - {x: -0.18800074, y: 0.12410185}
  - {x: -0.1338222, y: 0.20410185}
  - {x: -0.06300072, y: 0.15465914}
  - {x: -0.6351632, y: 0.12410186}
  - {x: -0.5393679, y: 0.15465915}
  - {x: -0.4801632, y: 0.07465914}
  - {x: -0.4801632, y: 0.07465914}
  - {x: -0.5393679, y: 0.15465915}
  - {x: -0.38436794, y: 0.11998489}
  - {x: -0.54734457, y: -0.26525497}
  - {x: -0.4801632, y: -0.14025497}
  - {x: -0.38436794, y: -0.26525497}
  - {x: -0.4801632, y: -0.14025497}
  - {x: -0.38436794, y: -0.052592278}
  - {x: -0.28857267, y: -0.14025497}
  - {x: -0.4801632, y: -0.14025497}
  - {x: -0.28857267, y: -0.14025497}
  - {x: -0.38436794, y: -0.26525497}
  - {x: -0.38436794, y: -0.26525497}
  - {x: -0.28857267, y: -0.14025497}
  - {x: -0.2213913, y: -0.26525497}
  - {x: -0.54734457, y: -0.26525497}
  - {x: -0.38436794, y: -0.26525497}
  - {x: -0.4801632, y: -0.39025497}
  - {x: -0.38436794, y: -0.26525497}
  - {x: -0.2213913, y: -0.26525497}
  - {x: -0.28857267, y: -0.39025497}
  - {x: -0.38436794, y: -0.26525497}
  - {x: -0.28857267, y: -0.39025497}
  - {x: -0.4801632, y: -0.39025497}
  - {x: -0.4801632, y: -0.39025497}
  - {x: -0.28857267, y: -0.39025497}
  - {x: -0.38436794, y: -0.47791767}
  - {x: -0.54734457, y: -0.26525497}
  - {x: -0.4801632, y: -0.39025497}
  - {x: -0.6351632, y: -0.3425092}
  - {x: 0.4801632, y: 0.07465914}
  - {x: 0.38436794, y: 0.11998489}
  - {x: 0.5393679, y: 0.15465915}
  - {x: 0.4801632, y: 0.07465914}
  - {x: 0.5393679, y: 0.15465915}
  - {x: 0.6351632, y: 0.12410186}
  - {x: -0.3425092, y: 0.12410185}
  - {x: -0.4675092, y: 0.15465914}
  - {x: -0.39668775, y: 0.20410185}
  - {x: -0.26525497, y: 0.067997724}
  - {x: -0.3425092, y: 0.12410185}
  - {x: -0.18800074, y: 0.12410185}
  - {x: -0.3425092, y: 0.12410185}
  - {x: -0.39668775, y: 0.20410185}
  - {x: -0.26525497, y: 0.20410185}
  - {x: -0.3425092, y: 0.12410185}
  - {x: -0.26525497, y: 0.20410185}
  - {x: -0.18800074, y: 0.12410185}
  - {x: -0.18800074, y: 0.12410185}
  - {x: -0.26525497, y: 0.20410185}
  - {x: -0.1338222, y: 0.20410185}
  - {x: -0.38436794, y: 0.11998489}
  - {x: -0.5393679, y: 0.15465915}
  - {x: -0.38436794, y: 0.20410186}
  - {x: -0.5393679, y: 0.15465915}
  - {x: -0.6480697, y: 0.20410186}
  - {x: -0.5393679, y: 0.25354457}
  - {x: -0.5393679, y: 0.15465915}
  - {x: -0.5393679, y: 0.25354457}
  - {x: -0.38436794, y: 0.20410186}
  - {x: -0.38436794, y: 0.20410186}
  - {x: -0.5393679, y: 0.25354457}
  - {x: -0.38436794, y: 0.28821883}
  - {x: -0.2213913, y: -0.26525497}
  - {x: -0.28857267, y: -0.14025497}
  - {x: -0.13357267, y: -0.18800074}
  - {x: -0.28857267, y: 0.07465914}
  - {x: -0.38436794, y: 0.11998489}
  - {x: -0.22936794, y: 0.15465915}
  - {x: -0.28857267, y: 0.07465914}
  - {x: -0.22936794, y: 0.15465915}
  - {x: -0.13357267, y: 0.12410186}
  - {x: 0.18800074, y: 0.12410186}
  - {x: 0.06300072, y: 0.15465915}
  - {x: 0.1338222, y: 0.20410186}
  - {x: 0.38436794, y: 0.11998489}
  - {x: 0.28857267, y: 0.07465914}
  - {x: 0.22936794, y: 0.15465915}
  - {x: -0.28857267, y: -0.39025497}
  - {x: -0.2213913, y: -0.26525497}
  - {x: -0.13357267, y: -0.3425092}
  - {x: 0.28857267, y: 0.07465914}
  - {x: 0.13357267, y: 0.12410186}
  - {x: 0.22936794, y: 0.15465915}
  - {x: 0.4675092, y: 0.15465915}
  - {x: 0.3425092, y: 0.12410186}
  - {x: 0.39668775, y: 0.20410186}
  - {x: 0.6480697, y: 0.20410186}
  - {x: 0.5393679, y: 0.15465915}
  - {x: 0.5393679, y: 0.25354457}
  - {x: 0.5393679, y: 0.15465915}
  - {x: 0.38436794, y: 0.11998489}
  - {x: 0.38436794, y: 0.20410186}
  - {x: 0.5393679, y: 0.15465915}
  - {x: 0.38436794, y: 0.20410186}
  - {x: 0.5393679, y: 0.25354457}
  - {x: 0.5393679, y: 0.25354457}
  - {x: 0.38436794, y: 0.20410186}
  - {x: 0.38436794, y: 0.28821883}
  - {x: -0.1338222, y: 0.20410185}
  - {x: -0.26525497, y: 0.20410185}
  - {x: -0.18800074, y: 0.2841018}
  - {x: -0.26525497, y: 0.20410185}
  - {x: -0.39668775, y: 0.20410185}
  - {x: -0.3425092, y: 0.2841018}
  - {x: -0.26525497, y: 0.20410185}
  - {x: -0.3425092, y: 0.2841018}
  - {x: -0.18800074, y: 0.2841018}
  - {x: -0.18800074, y: 0.2841018}
  - {x: -0.3425092, y: 0.2841018}
  - {x: -0.26525497, y: 0.34020594}
  m_Textures2: []
  m_Textures3: []
  m_Tangents:
  - {x: 0.9477756, y: 0.31893802, z: 0, w: -1}
  - {x: 0.75719583, y: 0.64493287, z: 0.10351813, w: -1}
  - {x: 0.9710969, y: 0.2307727, z: -0.060949933, w: -1}
  - {x: -0.55909, y: -0.17131524, z: -0.8112148, w: -1}
  - {x: -0.59914535, y: -0.000000005085362, z: -0.8006402, w: -1}
  - {x: -0.8523362, y: 0.13711452, z: -0.5047004, w: -1}
  - {x: -0.6063373, y: -0.23570763, z: -0.75947154, w: -1}
  - {x: -0.8703298, y: 0.0851145, z: -0.4850583, w: -1}
  - {x: -0.79801416, y: 0.07876654, z: -0.597469, w: -1}
  - {x: -0.9370083, y: -0.05533825, z: -0.3448957, w: -1}
  - {x: -0.9038067, y: -0.05544324, z: -0.42433417, w: -1}
  - {x: -0.974821, y: 0.16471735, z: -0.150307, w: -1}
  - {x: 0.9477756, y: 0.31893808, z: 0, w: -1}
  - {x: 0.9799007, y: 0.19827428, z: 0.021950139, w: -1}
  - {x: 1, y: 0, z: 7.4477363e-10, w: -1}
  - {x: 0.98142123, y: 0.17724302, z: 0.0734661, w: -1}
  - {x: 1, y: -0.000000012690635, z: -0.000000013907321, w: -1}
  - {x: 0.9814212, y: -0.17724302, z: -0.0734661, w: -1}
  - {x: 0.98142123, y: 0.17724302, z: 0.0734661, w: -1}
  - {x: 0.9814212, y: -0.17724302, z: -0.0734661, w: -1}
  - {x: 1, y: -0.000000005079564, z: 2.5801969e-17, w: -1}
  - {x: 1, y: 0, z: -7.447737e-10, w: -1}
  - {x: 0.9799007, y: -0.1982743, z: -0.021950139, w: -1}
  - {x: 0.9477756, y: -0.31893814, z: 0, w: -1}
  - {x: 0.9477756, y: 0.31893808, z: 0, w: -1}
  - {x: 1, y: 0, z: 7.4477363e-10, w: -1}
  - {x: 0.9799007, y: 0.1982743, z: -0.021950144, w: -1}
  - {x: 1, y: 0, z: -7.447737e-10, w: -1}
  - {x: 0.9477756, y: -0.31893814, z: 0, w: -1}
  - {x: 0.9799007, y: -0.1982743, z: 0.021950139, w: -1}
  - {x: 1, y: -0.000000005079564, z: 2.5801969e-17, w: -1}
  - {x: 0.9814212, y: -0.17724302, z: 0.0734661, w: -1}
  - {x: 0.9814212, y: 0.17724302, z: -0.0734661, w: -1}
  - {x: 0.9814212, y: 0.17724302, z: -0.0734661, w: -1}
  - {x: 0.9814212, y: -0.17724302, z: 0.0734661, w: -1}
  - {x: 1, y: -0.000000010575528, z: 0.000000011589434, w: -1}
  - {x: 0.9477756, y: 0.31893802, z: 0, w: -1}
  - {x: 0.9710969, y: 0.23077272, z: 0.060949925, w: -1}
  - {x: 0.7571959, y: 0.6449328, z: -0.103518106, w: -1}
  - {x: 0.9370083, y: 0.05533824, z: -0.34489575, w: -1}
  - {x: 0.974821, y: -0.16471739, z: -0.15030698, w: -1}
  - {x: 0.9038067, y: 0.05544321, z: -0.42433417, w: -1}
  - {x: 0.7980142, y: -0.07876648, z: -0.597469, w: -1}
  - {x: 0.8703298, y: -0.085114464, z: -0.48505834, w: -1}
  - {x: 0.6063373, y: 0.23570767, z: -0.7594715, w: -1}
  - {x: 0.55909014, y: 0.17131525, z: -0.8112147, w: -1}
  - {x: 0.8523363, y: -0.1371145, z: -0.5047004, w: -1}
  - {x: 0.5991454, y: 0.0000000050853646, z: -0.8006402, w: -1}
  - {x: 0, y: 0, z: -1, w: -1}
  - {x: 0.19741283, y: -0.21730381, z: -0.9559327, w: -1}
  - {x: -0.19741285, y: 0.2173038, z: -0.9559327, w: -1}
  - {x: 0.37371433, y: -0.04490935, z: -0.92645603, w: -1}
  - {x: 0.59914535, y: -0.000000012634083, z: -0.8006403, w: -1}
  - {x: 0, y: 0.000000020433633, z: -1, w: -1}
  - {x: 0.19741283, y: -0.21730381, z: -0.9559327, w: -1}
  - {x: 0, y: 0, z: -1, w: -1}
  - {x: -0.19741285, y: 0.2173038, z: -0.9559327, w: -1}
  - {x: -0.37371433, y: 0.044909324, z: -0.92645603, w: -1}
  - {x: 0, y: -0.000000020433633, z: -1, w: -1}
  - {x: -0.59914535, y: 0.000000012634081, z: -0.8006403, w: -1}
  - {x: 0.94777554, y: -0.31893805, z: 0, w: -1}
  - {x: 0.9710969, y: -0.23077272, z: 0.060949925, w: -1}
  - {x: 0.757196, y: -0.64493275, z: -0.10351805, w: -1}
  - {x: -0.9370083, y: 0.05533825, z: 0.34489575, w: -1}
  - {x: -0.974821, y: -0.16471735, z: 0.15030703, w: -1}
  - {x: -0.9038067, y: 0.055443212, z: 0.42433414, w: -1}
  - {x: -0.79801416, y: -0.078766525, z: 0.597469, w: -1}
  - {x: -0.87032974, y: -0.08511451, z: 0.48505828, w: -1}
  - {x: -0.6063374, y: 0.23570757, z: 0.7594715, w: -1}
  - {x: -0.5590901, y: 0.1713151, z: 0.8112148, w: -1}
  - {x: -0.85233617, y: -0.1371147, z: 0.5047005, w: -1}
  - {x: -0.5991454, y: -0.000000164207, z: 0.80064017, w: -1}
  - {x: -0.99376494, y: 0.0823597, z: -0.07515442, w: -1}
  - {x: -0.9119771, y: -0.12213723, z: -0.39163786, w: -1}
  - {x: -1, y: 0.0000000026931122, z: 0.000000015106169, w: -1}
  - {x: -0.8823448, y: 0.044197142, z: -0.46852353, w: -1}
  - {x: -0.5991454, y: -0.000000014755136, z: -0.8006403, w: -1}
  - {x: -0.8823448, y: -0.044197127, z: -0.46852356, w: -1}
  - {x: -0.90556264, y: -0.066876344, z: -0.418908, w: -1}
  - {x: -0.9055626, y: 0.066876374, z: -0.41890803, w: -1}
  - {x: -1, y: 0.0000000049840096, z: 0, w: -1}
  - {x: -1, y: 0.0000000026931124, z: 0.000000015106169, w: -1}
  - {x: -0.9119771, y: 0.12213726, z: -0.39163792, w: -1}
  - {x: -0.99376494, y: -0.08235971, z: -0.07515444, w: -1}
  - {x: -0.59914535, y: 0.000000012634081, z: -0.8006403, w: -1}
  - {x: 0, y: -0.000000020433633, z: -1, w: -1}
  - {x: -0.37371433, y: -0.044909324, z: -0.92645603, w: -1}
  - {x: 0, y: 0.000000020433633, z: -1, w: -1}
  - {x: 0.59914535, y: -0.000000012634083, z: -0.8006403, w: -1}
  - {x: 0.37371433, y: 0.04490935, z: -0.92645603, w: -1}
  - {x: 0, y: 0, z: -1, w: -1}
  - {x: 0.19741288, y: 0.21730383, z: -0.9559327, w: -1}
  - {x: -0.19741285, y: -0.2173038, z: -0.9559327, w: -1}
  - {x: -0.19741285, y: -0.2173038, z: -0.9559327, w: -1}
  - {x: 0.19741288, y: 0.21730383, z: -0.9559327, w: -1}
  - {x: 0, y: 0, z: -1, w: -1}
  - {x: 0.5991454, y: 0.000000014755143, z: -0.8006403, w: -1}
  - {x: 0.88234484, y: -0.044197123, z: -0.4685235, w: -1}
  - {x: 0.8823447, y: 0.044197097, z: -0.46852353, w: -1}
  - {x: 0.9119771, y: 0.122137174, z: -0.39163783, w: -1}
  - {x: 0.99376494, y: -0.08235975, z: -0.07515445, w: -1}
  - {x: 1, y: -0.0000000026931137, z: 0.000000015106169, w: -1}
  - {x: 0.90556264, y: 0.066876315, z: -0.41890803, w: -1}
  - {x: 1, y: -0.0000000049840114, z: 0, w: -1}
  - {x: 0.9055626, y: -0.06687633, z: -0.41890803, w: -1}
  - {x: 0.9119771, y: -0.12213721, z: -0.39163792, w: -1}
  - {x: 1, y: -0.0000000026931137, z: 0.000000015106169, w: -1}
  - {x: 0.99376494, y: 0.08235976, z: -0.07515446, w: -1}
  - {x: 0.974821, y: 0.16471739, z: 0.15030703, w: -1}
  - {x: 0.9370083, y: -0.05533823, z: 0.34489578, w: -1}
  - {x: 0.9038067, y: -0.055443246, z: 0.42433426, w: -1}
  - {x: 0.9710969, y: -0.23077272, z: -0.060949925, w: -1}
  - {x: 0.94777554, y: -0.31893805, z: 0, w: -1}
  - {x: 0.757196, y: -0.64493275, z: 0.103518054, w: -1}
  - {x: 0.7980142, y: 0.07876648, z: 0.597469, w: -1}
  - {x: 0.6063374, y: -0.23570761, z: 0.75947136, w: -1}
  - {x: 0.87032974, y: 0.08511443, z: 0.4850584, w: -1}
  - {x: 0.85233617, y: 0.13711463, z: 0.50470054, w: -1}
  - {x: 0.5590901, y: -0.17131512, z: 0.8112148, w: -1}
  - {x: 0.59914553, y: 0.00000016420702, z: 0.8006401, w: -1}
  - {x: -0.94777554, y: -0.318938, z: -1.7675691e-10, w: -1}
  - {x: -0.757196, y: -0.64493275, z: 0.10351808, w: -1}
  - {x: -0.9710969, y: -0.23077269, z: -0.060949918, w: -1}
  - {x: -0.5590902, y: -0.1713152, z: 0.8112147, w: -1}
  - {x: -0.5991454, y: 0.0000000033902423, z: 0.8006402, w: -1}
  - {x: -0.8523363, y: 0.13711451, z: 0.5047004, w: -1}
  - {x: -0.6063374, y: -0.2357076, z: 0.75947136, w: -1}
  - {x: -0.8703298, y: 0.08511448, z: 0.48505834, w: -1}
  - {x: -0.7980143, y: 0.07876653, z: 0.5974689, w: -1}
  - {x: -0.9370083, y: -0.055338208, z: 0.34489578, w: -1}
  - {x: -0.9038067, y: -0.0554432, z: 0.42433417, w: -1}
  - {x: -0.974821, y: 0.16471738, z: 0.15030709, w: -1}
  - {x: -0.9477756, y: -0.31893808, z: 5.549628e-10, w: -1}
  - {x: -0.9799007, y: -0.19827425, z: 0.021950163, w: -1}
  - {x: -1, y: 0, z: -0.0000000011171598, w: -1}
  - {x: -0.98142123, y: -0.17724302, z: 0.07346611, w: -1}
  - {x: -1, y: -0.00000001057553, z: 0.0000000115894325, w: -1}
  - {x: -0.98142123, y: 0.177243, z: -0.073466085, w: -1}
  - {x: -0.98142123, y: -0.17724302, z: 0.07346611, w: -1}
  - {x: -0.98142123, y: 0.177243, z: -0.073466085, w: -1}
  - {x: -1, y: -0.000000005079564, z: 3.8702954e-17, w: -1}
  - {x: -1, y: 0, z: 0.0000000011171597, w: -1}
  - {x: -0.9799007, y: 0.19827422, z: -0.021950155, w: -1}
  - {x: -0.9477756, y: 0.31893805, z: 0, w: -1}
  - {x: -0.9477756, y: -0.31893808, z: 5.549628e-10, w: -1}
  - {x: -1, y: 0, z: -0.0000000011171598, w: -1}
  - {x: -0.9799007, y: -0.19827425, z: -0.021950163, w: -1}
  - {x: -1, y: 0, z: 0.0000000011171597, w: -1}
  - {x: -0.9477756, y: 0.31893805, z: 0, w: -1}
  - {x: -0.9799007, y: 0.19827425, z: 0.021950169, w: -1}
  - {x: -1, y: -0.000000005079564, z: 3.8702954e-17, w: -1}
  - {x: -0.98142123, y: 0.17724302, z: 0.07346611, w: -1}
  - {x: -0.98142123, y: -0.17724302, z: -0.07346611, w: -1}
  - {x: -0.98142123, y: -0.17724302, z: -0.07346611, w: -1}
  - {x: -0.98142123, y: 0.17724302, z: 0.07346611, w: -1}
  - {x: -1, y: -0.000000008460424, z: -0.000000009271547, w: -1}
  - {x: -0.94777554, y: -0.318938, z: -1.7675691e-10, w: -1}
  - {x: -0.9710969, y: -0.23077269, z: 0.060949918, w: -1}
  - {x: -0.757196, y: -0.64493275, z: -0.10351809, w: -1}
  - {x: 0.9370083, y: 0.055338185, z: 0.3448958, w: -1}
  - {x: 0.974821, y: -0.16471742, z: 0.15030707, w: -1}
  - {x: 0.9038066, y: 0.05544321, z: 0.42433423, w: -1}
  - {x: 0.7980143, y: -0.07876648, z: 0.5974689, w: -1}
  - {x: 0.87032974, y: -0.08511438, z: 0.4850584, w: -1}
  - {x: 0.6063375, y: 0.23570764, z: 0.75947136, w: -1}
  - {x: 0.55909026, y: 0.17131522, z: 0.8112146, w: -1}
  - {x: 0.85233617, y: -0.1371144, z: 0.50470054, w: -1}
  - {x: 0.59914553, y: -0.0000000033902412, z: 0.8006401, w: -1}
  - {x: -9.780986e-10, y: 0.000000002906577, z: 1, w: -1}
  - {x: 0.19741282, y: -0.21730384, z: 0.9559327, w: -1}
  - {x: -0.1974128, y: 0.21730383, z: 0.9559327, w: -1}
  - {x: 0.37371433, y: -0.04490939, z: 0.926456, w: -1}
  - {x: 0.5991455, y: 0.0000000084227265, z: 0.8006401, w: -1}
  - {x: 0, y: -0.000000008173454, z: 1, w: -1}
  - {x: 0.19741282, y: -0.21730384, z: 0.9559327, w: -1}
  - {x: 0, y: 0, z: 1, w: -1}
  - {x: -0.1974128, y: 0.21730383, z: 0.9559327, w: -1}
  - {x: -0.37371433, y: 0.044909377, z: 0.92645603, w: -1}
  - {x: 0, y: 0.000000008173454, z: 1, w: -1}
  - {x: -0.5991455, y: -0.000000008422726, z: 0.80064017, w: -1}
  - {x: -0.99376494, y: 0.08235971, z: 0.075154476, w: -1}
  - {x: -0.9119771, y: -0.122137226, z: 0.39163786, w: -1}
  - {x: -1, y: -0.0000000026931124, z: 0.000000015106169, w: -1}
  - {x: -0.8823448, y: 0.044197105, z: 0.4685235, w: -1}
  - {x: -0.5991455, y: 0.000000009836761, z: 0.8006402, w: -1}
  - {x: -0.8823448, y: -0.044197105, z: 0.4685235, w: -1}
  - {x: -0.9055626, y: -0.06687632, z: 0.41890797, w: -1}
  - {x: -0.9055626, y: 0.06687632, z: 0.41890797, w: -1}
  - {x: -1, y: -0.0000000049840114, z: 0, w: -1}
  - {x: -1, y: -0.0000000026931122, z: 0.000000015106169, w: -1}
  - {x: -0.9119771, y: 0.122137226, z: 0.39163783, w: -1}
  - {x: -0.99376494, y: -0.082359694, z: 0.07515445, w: -1}
  - {x: -0.9477756, y: 0.318938, z: 0, w: -1}
  - {x: -0.9710969, y: 0.23077267, z: 0.060949925, w: -1}
  - {x: -0.75719583, y: 0.6449329, z: -0.10351814, w: -1}
  - {x: -0.9370083, y: 0.055338215, z: -0.34489572, w: -1}
  - {x: -0.974821, y: -0.16471736, z: -0.15030704, w: -1}
  - {x: -0.9038067, y: 0.05544325, z: -0.42433423, w: -1}
  - {x: -0.7980143, y: -0.07876653, z: -0.5974689, w: -1}
  - {x: -0.87032974, y: -0.08511444, z: -0.48505834, w: -1}
  - {x: -0.6063373, y: 0.23570766, z: -0.7594715, w: -1}
  - {x: -0.5590901, y: 0.17131525, z: -0.81121475, w: -1}
  - {x: -0.8523362, y: -0.13711448, z: -0.5047005, w: -1}
  - {x: -0.5991454, y: -0.000000005085362, z: -0.8006402, w: -1}
  - {x: 0.974821, y: 0.16471742, z: -0.15030703, w: -1}
  - {x: 0.9370083, y: -0.055338208, z: -0.34489578, w: -1}
  - {x: 0.9038067, y: -0.055443224, z: -0.42433423, w: -1}
  - {x: -0.9710969, y: 0.23077269, z: -0.060949918, w: -1}
  - {x: -0.9477756, y: 0.318938, z: 0, w: -1}
  - {x: -0.75719583, y: 0.6449329, z: 0.10351814, w: -1}
  - {x: 0.7980143, y: 0.07876648, z: -0.5974689, w: -1}
  - {x: 0.6063373, y: -0.23570772, z: -0.7594715, w: -1}
  - {x: 0.87032974, y: 0.085114405, z: -0.48505834, w: -1}
  - {x: 0.8523362, y: 0.13711445, z: -0.5047004, w: -1}
  - {x: 0.5590901, y: -0.17131527, z: -0.81121475, w: -1}
  - {x: 0.5991454, y: 0.0000000050853646, z: -0.8006402, w: -1}
  - {x: 0.59914553, y: -0.00000000983676, z: 0.8006401, w: -1}
  - {x: 0.8823447, y: -0.044197023, z: 0.46852356, w: -1}
  - {x: 0.8823447, y: 0.044197023, z: 0.46852356, w: -1}
  - {x: 0.9119771, y: 0.12213722, z: 0.39163792, w: -1}
  - {x: 0.99376494, y: -0.08235976, z: 0.075154506, w: -1}
  - {x: 1, y: 0.000000002693114, z: 0.000000015106169, w: -1}
  - {x: 0.9055626, y: 0.066876315, z: 0.41890806, w: -1}
  - {x: 1, y: 0.0000000049840128, z: 0, w: -1}
  - {x: 0.9055626, y: -0.066876315, z: 0.41890806, w: -1}
  - {x: 0.9119771, y: -0.12213722, z: 0.39163792, w: -1}
  - {x: 1, y: 0.0000000026931137, z: 0.000000015106169, w: -1}
  - {x: 0.99376494, y: 0.082359746, z: 0.07515449, w: -1}
  - {x: -0.5991455, y: -0.0000000084227265, z: 0.80064017, w: -1}
  - {x: 0, y: 0.000000008173454, z: 1, w: -1}
  - {x: -0.3737143, y: -0.04490936, z: 0.926456, w: -1}
  - {x: 0, y: -0.000000008173454, z: 1, w: -1}
  - {x: 0.5991455, y: 0.000000008422727, z: 0.8006401, w: -1}
  - {x: 0.37371433, y: 0.044909384, z: 0.926456, w: -1}
  - {x: 0, y: 0, z: 1, w: -1}
  - {x: 0.1974128, y: 0.21730384, z: 0.9559327, w: -1}
  - {x: -0.19741277, y: -0.21730381, z: 0.9559327, w: -1}
  - {x: -0.19741277, y: -0.21730381, z: 0.9559327, w: -1}
  - {x: 0.1974128, y: 0.21730384, z: 0.9559327, w: -1}
  - {x: 0, y: 0, z: 1, w: -1}
  m_Colors: []
  m_UnwrapParameters:
    m_HardAngle: 88
    m_PackMargin: 30
    m_AngleError: 8
    m_AreaError: 15
  m_PreserveMeshAssetOnDestroy: 0
  assetGuid: 
  m_Mesh: {fileID: 0}
  m_VersionIndex: 1759
  m_IsSelectable: 1
  m_SelectedFaces: 
  m_SelectedEdges: []
  m_SelectedVertices: 
--- !u!114 &9132900703840930036
MonoBehaviour:
  m_ObjectHideFlags: 0
  m_CorrespondingSourceObject: {fileID: 0}
  m_PrefabInstance: {fileID: 0}
  m_PrefabAsset: {fileID: 0}
  m_GameObject: {fileID: 9132900703840930032}
  m_Enabled: 1
  m_EditorHideFlags: 0
  m_Script: {fileID: 11500000, guid: 1ca002da428252441b92f28d83c8a65f, type: 3}
  m_Name: 
  m_EditorClassIdentifier: 
  m_Shape:
    rid: 3664095730393677836
  m_Size: {x: 0.62, y: 0.32, z: -0.5}
  m_Rotation: {x: 0, y: 0, z: 0, w: 1}
  m_PivotLocation: 1
  m_PivotPosition: {x: 0, y: 0, z: 0}
  m_UnmodifiedMeshVersion: 1756
  m_ShapeBox:
    m_Center: {x: 0.38436794, y: 0.20410186, z: -0.26525497}
    m_Extent: {x: 0.5, y: 0.5, z: 0.5}
  references:
    version: 2
    RefIds:
    - rid: 3664095730393677836
      type: {class: Sphere, ns: UnityEngine.ProBuilder.Shapes, asm: Unity.ProBuilder}
      data:
        m_Subdivisions: 1
        m_Smooth: 1
--- !u!23 &9132900703840930037
MeshRenderer:
  m_ObjectHideFlags: 0
  m_CorrespondingSourceObject: {fileID: 0}
  m_PrefabInstance: {fileID: 0}
  m_PrefabAsset: {fileID: 0}
  m_GameObject: {fileID: 9132900703840930032}
  m_Enabled: 1
  m_CastShadows: 1
  m_ReceiveShadows: 1
  m_DynamicOccludee: 1
  m_StaticShadowCaster: 0
  m_MotionVectors: 1
  m_LightProbeUsage: 1
  m_ReflectionProbeUsage: 1
  m_RayTracingMode: 2
  m_RayTraceProcedural: 0
  m_RenderingLayerMask: 1
  m_RendererPriority: 0
  m_Materials:
  - {fileID: 2100000, guid: 582fb0cd4f9d6904a805ede20c02edf4, type: 2}
  m_StaticBatchInfo:
    firstSubMesh: 0
    subMeshCount: 0
  m_StaticBatchRoot: {fileID: 0}
  m_ProbeAnchor: {fileID: 0}
  m_LightProbeVolumeOverride: {fileID: 0}
  m_ScaleInLightmap: 1
  m_ReceiveGI: 1
  m_PreserveUVs: 0
  m_IgnoreNormalsForChartDetection: 0
  m_ImportantGI: 0
  m_StitchLightmapSeams: 1
  m_SelectedEditorRenderState: 2
  m_MinimumChartSize: 4
  m_AutoUVMaxDistance: 0.5
  m_AutoUVMaxAngle: 89
  m_LightmapParameters: {fileID: 0}
  m_SortingLayerID: 0
  m_SortingLayer: 0
  m_SortingOrder: 0
  m_AdditionalVertexStreams: {fileID: 0}
--- !u!33 &9132900703840930034
MeshFilter:
  m_ObjectHideFlags: 0
  m_CorrespondingSourceObject: {fileID: 0}
  m_PrefabInstance: {fileID: 0}
  m_PrefabAsset: {fileID: 0}
  m_GameObject: {fileID: 9132900703840930032}
  m_Mesh: {fileID: 0}
--- !u!64 &9132900703840930035
MeshCollider:
  m_ObjectHideFlags: 0
  m_CorrespondingSourceObject: {fileID: 0}
  m_PrefabInstance: {fileID: 0}
  m_PrefabAsset: {fileID: 0}
  m_GameObject: {fileID: 9132900703840930032}
  m_Material: {fileID: 0}
  m_IsTrigger: 0
  m_Enabled: 1
  serializedVersion: 4
  m_Convex: 0
  m_CookingOptions: 30
  m_Mesh: {fileID: 0}
