%YAML 1.1
%TAG !u! tag:unity3d.com,2011:
--- !u!1 &3150341482619039714
GameObject:
  m_ObjectHideFlags: 0
  m_CorrespondingSourceObject: {fileID: 0}
  m_PrefabInstance: {fileID: 0}
  m_PrefabAsset: {fileID: 0}
  serializedVersion: 6
  m_Component:
  - component: {fileID: 3150341482619039715}
  - component: {fileID: 3150341482619039724}
  - component: {fileID: 3150341482619039727}
  - component: {fileID: 3150341482619039726}
  - component: {fileID: 3150341482619039713}
  - component: {fileID: 3150341482619039712}
  m_Layer: 0
  m_Name: Platform (2)
  m_TagString: Untagged
  m_Icon: {fileID: 0}
  m_NavMeshLayer: 0
  m_StaticEditorFlags: 0
  m_IsActive: 1
--- !u!4 &3150341482619039715
Transform:
  m_ObjectHideFlags: 0
  m_CorrespondingSourceObject: {fileID: 0}
  m_PrefabInstance: {fileID: 0}
  m_PrefabAsset: {fileID: 0}
  m_GameObject: {fileID: 3150341482619039714}
  m_LocalRotation: {x: -0, y: -0, z: -0, w: 1}
  m_LocalPosition: {x: 53.73, y: 4.99, z: 6.45}
  m_LocalScale: {x: 0.48919412, y: 0.48919412, z: 0.48919412}
  m_ConstrainProportionsScale: 0
  m_Children: []
  m_Father: {fileID: 4424562744220900802}
  m_RootOrder: 1
  m_LocalEulerAnglesHint: {x: 0, y: 0, z: 0}
--- !u!114 &3150341482619039724
MonoBehaviour:
  m_ObjectHideFlags: 0
  m_CorrespondingSourceObject: {fileID: 0}
  m_PrefabInstance: {fileID: 0}
  m_PrefabAsset: {fileID: 0}
  m_GameObject: {fileID: 3150341482619039714}
  m_Enabled: 1
  m_EditorHideFlags: 0
  m_Script: {fileID: 11500000, guid: 8233d90336aea43098adf6dbabd606a2, type: 3}
  m_Name: 
  m_EditorClassIdentifier: 
  m_MeshFormatVersion: 2
  m_Faces:
  - m_Indexes: 010000000200000000000000000000000200000007000000070000000200000006000000060000000200000005000000050000000200000003000000050000000300000004000000
    m_SmoothingGroup: 0
    m_Uv:
      m_UseWorldSpace: 0
      m_FlipU: 0
      m_FlipV: 0
      m_SwapUV: 0
      m_Fill: 1
      m_Scale: {x: 1, y: 1}
      m_Offset: {x: 0, y: 0}
      m_Rotation: 0
      m_Anchor: 9
    m_Material: {fileID: 2100000, guid: 31321ba15b8f8eb4c954353edc038b1d, type: 2}
    m_SubmeshIndex: 0
    m_ManualUV: 0
    elementGroup: 0
    m_TextureGroup: -1
  - m_Indexes: 0f0000000e0000000d0000000e000000090000000d0000000d000000090000000c0000000c000000090000000b0000000b000000090000000a0000000a0000000900000008000000
    m_SmoothingGroup: 0
    m_Uv:
      m_UseWorldSpace: 0
      m_FlipU: 0
      m_FlipV: 0
      m_SwapUV: 0
      m_Fill: 1
      m_Scale: {x: 1, y: 1}
      m_Offset: {x: 0, y: 0}
      m_Rotation: 0
      m_Anchor: 9
    m_Material: {fileID: 2100000, guid: 31321ba15b8f8eb4c954353edc038b1d, type: 2}
    m_SubmeshIndex: 0
    m_ManualUV: 0
    elementGroup: 0
    m_TextureGroup: -1
  - m_Indexes: 100000001100000012000000110000001300000012000000
    m_SmoothingGroup: 0
    m_Uv:
      m_UseWorldSpace: 0
      m_FlipU: 0
      m_FlipV: 0
      m_SwapUV: 0
      m_Fill: 1
      m_Scale: {x: 1, y: 1}
      m_Offset: {x: 0, y: 0}
      m_Rotation: 0
      m_Anchor: 9
    m_Material: {fileID: 0}
    m_SubmeshIndex: 0
    m_ManualUV: 0
    elementGroup: -1
    m_TextureGroup: -1
  - m_Indexes: 140000001500000016000000150000001700000016000000
    m_SmoothingGroup: 0
    m_Uv:
      m_UseWorldSpace: 0
      m_FlipU: 0
      m_FlipV: 0
      m_SwapUV: 0
      m_Fill: 1
      m_Scale: {x: 1, y: 1}
      m_Offset: {x: 0, y: 0}
      m_Rotation: 0
      m_Anchor: 9
    m_Material: {fileID: 0}
    m_SubmeshIndex: 0
    m_ManualUV: 0
    elementGroup: -1
    m_TextureGroup: -1
  - m_Indexes: 18000000190000001a000000190000001b0000001a000000
    m_SmoothingGroup: 0
    m_Uv:
      m_UseWorldSpace: 0
      m_FlipU: 0
      m_FlipV: 0
      m_SwapUV: 0
      m_Fill: 1
      m_Scale: {x: 1, y: 1}
      m_Offset: {x: 0, y: 0}
      m_Rotation: 0
      m_Anchor: 9
    m_Material: {fileID: 0}
    m_SubmeshIndex: 0
    m_ManualUV: 0
    elementGroup: -1
    m_TextureGroup: -1
  - m_Indexes: 1c0000001d0000001e0000001d0000001f0000001e000000
    m_SmoothingGroup: 0
    m_Uv:
      m_UseWorldSpace: 0
      m_FlipU: 0
      m_FlipV: 0
      m_SwapUV: 0
      m_Fill: 1
      m_Scale: {x: 1, y: 1}
      m_Offset: {x: 0, y: 0}
      m_Rotation: 0
      m_Anchor: 9
    m_Material: {fileID: 0}
    m_SubmeshIndex: 0
    m_ManualUV: 0
    elementGroup: -1
    m_TextureGroup: -1
  - m_Indexes: 200000002100000022000000210000002300000022000000
    m_SmoothingGroup: 0
    m_Uv:
      m_UseWorldSpace: 0
      m_FlipU: 0
      m_FlipV: 0
      m_SwapUV: 0
      m_Fill: 1
      m_Scale: {x: 1, y: 1}
      m_Offset: {x: 0, y: 0}
      m_Rotation: 0
      m_Anchor: 9
    m_Material: {fileID: 0}
    m_SubmeshIndex: 0
    m_ManualUV: 0
    elementGroup: -1
    m_TextureGroup: -1
  - m_Indexes: 240000002500000026000000250000002700000026000000
    m_SmoothingGroup: 0
    m_Uv:
      m_UseWorldSpace: 0
      m_FlipU: 0
      m_FlipV: 0
      m_SwapUV: 0
      m_Fill: 1
      m_Scale: {x: 1, y: 1}
      m_Offset: {x: 0, y: 0}
      m_Rotation: 0
      m_Anchor: 9
    m_Material: {fileID: 0}
    m_SubmeshIndex: 0
    m_ManualUV: 0
    elementGroup: -1
    m_TextureGroup: -1
  - m_Indexes: 28000000290000002a000000290000002b0000002a000000
    m_SmoothingGroup: 0
    m_Uv:
      m_UseWorldSpace: 0
      m_FlipU: 0
      m_FlipV: 0
      m_SwapUV: 0
      m_Fill: 1
      m_Scale: {x: 1, y: 1}
      m_Offset: {x: 0, y: 0}
      m_Rotation: 0
      m_Anchor: 9
    m_Material: {fileID: 0}
    m_SubmeshIndex: 0
    m_ManualUV: 0
    elementGroup: -1
    m_TextureGroup: -1
  - m_Indexes: 2c0000002d0000002e0000002d0000002f0000002e000000
    m_SmoothingGroup: 0
    m_Uv:
      m_UseWorldSpace: 0
      m_FlipU: 0
      m_FlipV: 0
      m_SwapUV: 0
      m_Fill: 1
      m_Scale: {x: 1, y: 1}
      m_Offset: {x: 0, y: 0}
      m_Rotation: 0
      m_Anchor: 9
    m_Material: {fileID: 0}
    m_SubmeshIndex: 0
    m_ManualUV: 0
    elementGroup: -1
    m_TextureGroup: -1
  m_SharedVertices:
  - m_Vertices: 00000000160000001b000000
  - m_Vertices: 0a0000001400000019000000
  - m_Vertices: 010000001200000017000000
  - m_Vertices: 080000001000000015000000
  - m_Vertices: 020000001300000026000000
  - m_Vertices: 090000001100000024000000
  - m_Vertices: 03000000270000002a000000
  - m_Vertices: 0e0000002500000028000000
  - m_Vertices: 040000002b0000002e000000
  - m_Vertices: 0f000000290000002c000000
  - m_Vertices: 05000000220000002f000000
  - m_Vertices: 0d000000200000002d000000
  - m_Vertices: 060000001e00000023000000
  - m_Vertices: 0c0000001c00000021000000
  - m_Vertices: 070000001a0000001f000000
  - m_Vertices: 0b000000180000001d000000
  m_SharedTextures: []
  m_Positions:
  - {x: 0.7950701, y: 7.732327, z: -1.8675276}
  - {x: -3.8068576, y: 7.732327, z: -1.8681173}
  - {x: -6.819483, y: 7.732327, z: 1.2921383}
  - {x: -6.8768444, y: 7.732327, z: 5.7984467}
  - {x: -3.8373163, y: 7.732327, z: 8.911005}
  - {x: 0.69609106, y: 7.732327, z: 8.897632}
  - {x: 3.7928872, y: 7.732327, z: 5.9163613}
  - {x: 3.8784616, y: 7.732327, z: 1.2138044}
  - {x: -3.0071547, y: -10.200449, z: -0.00038475366}
  - {x: -4.9757633, y: -10.200449, z: 2.0646958}
  - {x: -0.00000333786, y: -10.200449, z: 0.00000026871407}
  - {x: 2.014847, y: -10.200449, z: 2.0135083}
  - {x: 1.958928, y: -10.200449, z: 5.0864105}
  - {x: -0.064679295, y: -10.200449, z: 7.034532}
  - {x: -5.013248, y: -10.200449, z: 5.0093594}
  - {x: -3.027055, y: -10.200449, z: 7.0432715}
  - {x: -3.0071547, y: -10.200449, z: -0.00038475366}
  - {x: -4.9757633, y: -10.200449, z: 2.0646958}
  - {x: -3.8068576, y: 7.732327, z: -1.8681173}
  - {x: -6.819483, y: 7.732327, z: 1.2921383}
  - {x: -0.00000333786, y: -10.200449, z: 0.00000026871407}
  - {x: -3.0071547, y: -10.200449, z: -0.00038475366}
  - {x: 0.7950701, y: 7.732327, z: -1.8675276}
  - {x: -3.8068576, y: 7.732327, z: -1.8681173}
  - {x: 2.014847, y: -10.200449, z: 2.0135083}
  - {x: -0.00000333786, y: -10.200449, z: 0.00000026871407}
  - {x: 3.8784616, y: 7.732327, z: 1.2138044}
  - {x: 0.7950701, y: 7.732327, z: -1.8675276}
  - {x: 1.958928, y: -10.200449, z: 5.0864105}
  - {x: 2.014847, y: -10.200449, z: 2.0135083}
  - {x: 3.7928872, y: 7.732327, z: 5.9163613}
  - {x: 3.8784616, y: 7.732327, z: 1.2138044}
  - {x: -0.064679295, y: -10.200449, z: 7.034532}
  - {x: 1.958928, y: -10.200449, z: 5.0864105}
  - {x: 0.69609106, y: 7.732327, z: 8.897632}
  - {x: 3.7928872, y: 7.732327, z: 5.9163613}
  - {x: -4.9757633, y: -10.200449, z: 2.0646958}
  - {x: -5.013248, y: -10.200449, z: 5.0093594}
  - {x: -6.819483, y: 7.732327, z: 1.2921383}
  - {x: -6.8768444, y: 7.732327, z: 5.7984467}
  - {x: -5.013248, y: -10.200449, z: 5.0093594}
  - {x: -3.027055, y: -10.200449, z: 7.0432715}
  - {x: -6.8768444, y: 7.732327, z: 5.7984467}
  - {x: -3.8373163, y: 7.732327, z: 8.911005}
  - {x: -3.027055, y: -10.200449, z: 7.0432715}
  - {x: -0.064679295, y: -10.200449, z: 7.034532}
  - {x: -3.8373163, y: 7.732327, z: 8.911005}
  - {x: 0.69609106, y: 7.732327, z: 8.897632}
  m_Textures0:
  - {x: 0.7950701, y: -1.8675276}
  - {x: -3.8068576, y: -1.8681173}
  - {x: -6.819483, y: 1.2921383}
  - {x: -6.8768444, y: 5.7984467}
  - {x: -3.8373163, y: 8.911005}
  - {x: 0.69609106, y: 8.897632}
  - {x: 3.7928872, y: 5.9163613}
  - {x: 3.8784616, y: 1.2138044}
  - {x: 3.0071547, y: -0.00038475366}
  - {x: 4.9757633, y: 2.0646958}
  - {x: 0.00000333786, y: 0.00000026871436}
  - {x: -2.014847, y: 2.0135083}
  - {x: -1.958928, y: 5.0864105}
  - {x: 0.064679295, y: 7.034532}
  - {x: 5.013248, y: 5.0093594}
  - {x: 3.027055, y: 7.0432715}
  - {x: -2.074652, y: -9.920094}
  - {x: -4.9277167, y: -9.920094}
  - {x: -1.2745591, y: 8.109668}
  - {x: -5.640693, y: 8.109668}
  - {x: -0.0000033378258, y: -10.145576}
  - {x: -3.0071547, y: -10.145576}
  - {x: 0.794831, y: 7.884191}
  - {x: -3.8070967, y: 7.884191}
  - {x: 2.8484776, y: -10.144676}
  - {x: -0.0000021710637, y: -10.144676}
  - {x: 3.6014035, y: 7.8866887}
  - {x: -0.75771457, y: 7.886688}
  - {x: 5.0499268, y: -9.936325}
  - {x: 1.9765159, y: -9.936325}
  - {x: 5.846372, y: 8.091496}
  - {x: 1.1430368, y: 8.091496}
  - {x: 4.925343, y: -9.624536}
  - {x: 2.116399, y: -9.624536}
  - {x: 5.6694107, y: 8.40546}
  - {x: 1.3707922, y: 8.40546}
  - {x: -2.1278634, y: -9.63761}
  - {x: -5.0727654, y: -9.63761}
  - {x: -1.3788365, y: 8.390688}
  - {x: -5.88551, y: 8.390688}
  - {x: -0.081368975, y: -9.403907}
  - {x: -2.924213, y: -9.403907}
  - {x: 0.6561066, y: 8.627628}
  - {x: -3.6943822, y: 8.627628}
  - {x: 3.0478206, y: -9.41794}
  - {x: 0.08543189, y: -9.41794}
  - {x: 3.8635883, y: 8.611589}
  - {x: -0.6698387, y: 8.611589}
  m_Textures2: []
  m_Textures3: []
  m_Tangents:
  - {x: 1, y: 0, z: 0, w: -1}
  - {x: 1, y: 0, z: 0, w: -1}
  - {x: 1, y: 0, z: 0, w: -1}
  - {x: 1, y: 0, z: 0, w: -1}
  - {x: 1, y: 0, z: 0, w: -1}
  - {x: 1, y: 0, z: 0, w: -1}
  - {x: 1, y: 0, z: 0, w: -1}
  - {x: 1, y: 0, z: 0, w: -1}
  - {x: -1, y: 0, z: 0, w: -1}
  - {x: -1, y: 0, z: 0, w: -1}
  - {x: -1, y: 0, z: 0, w: -1}
  - {x: -1, y: 0, z: 0, w: -1}
  - {x: -1, y: 0, z: 0, w: -1}
  - {x: -1, y: 0, z: 0, w: -1}
  - {x: -1, y: 0, z: 0, w: -1}
  - {x: -1, y: 0, z: 0, w: -1}
  - {x: 0.6899979, y: 0.0000000030869955, z: -0.7238114, w: -1}
  - {x: 0.68999815, y: 0.0000000061739946, z: -0.72381115, w: -1}
  - {x: 0.68999815, y: 0.0000000061739946, z: -0.72381115, w: -1}
  - {x: 0.6899983, y: 0, z: -0.723811, w: -1}
  - {x: 1, y: 0, z: 0.00012803558, w: -1}
  - {x: 1, y: 3.0147469e-12, z: 0.00012809187, w: -1}
  - {x: 1, y: 3.0147469e-12, z: 0.00012809187, w: -1}
  - {x: 1, y: 0, z: 0.00012814811, w: -1}
  - {x: 0.7073424, y: 0, z: 0.70687115, w: -1}
  - {x: 0.7073427, y: -0.000000003112228, z: 0.70687085, w: -1}
  - {x: 0.7073427, y: -0.000000003112228, z: 0.70687085, w: -1}
  - {x: 0.707343, y: -0.0000000031122254, z: 0.70687056, w: -1}
  - {x: -0.01819446, y: 0, z: 0.9998345, w: -1}
  - {x: -0.018194431, y: -1.9101458e-10, z: 0.9998345, w: -1}
  - {x: -0.018194431, y: -1.9101458e-10, z: 0.9998345, w: -1}
  - {x: -0.018194405, y: 0, z: 0.9998345, w: -1}
  - {x: -0.7204157, y: -0.0000000061814065, z: 0.6935425, w: -1}
  - {x: -0.7204162, y: 0, z: 0.693542, w: -1}
  - {x: -0.7204162, y: 0, z: 0.693542, w: -1}
  - {x: -0.7204166, y: 0, z: 0.6935415, w: -1}
  - {x: 0.012728657, y: 9.574487e-11, z: -0.999919, w: -1}
  - {x: 0.012728402, y: 9.5744815e-11, z: -0.999919, w: -1}
  - {x: 0.012728402, y: 9.5744815e-11, z: -0.999919, w: -1}
  - {x: 0.012728148, y: 9.574476e-11, z: -0.999919, w: -1}
  - {x: -0.6986641, y: 0.0000000031148741, z: -0.71544987, w: -1}
  - {x: -0.6986639, y: -0.0000000031148761, z: -0.7154501, w: -1}
  - {x: -0.6986639, y: -0.0000000031148761, z: -0.7154501, w: -1}
  - {x: -0.69866365, y: 0.000000003114878, z: -0.7154503, w: -1}
  - {x: -0.99999565, y: 0, z: 0.0029501435, w: -1}
  - {x: -0.99999565, y: 2.4088662e-11, z: 0.0029500457, w: -1}
  - {x: -0.99999565, y: 2.4088662e-11, z: 0.0029500457, w: -1}
  - {x: -0.99999565, y: 2.4088665e-11, z: 0.0029499482, w: -1}
  m_Colors: []
  m_UnwrapParameters:
    m_HardAngle: 88
    m_PackMargin: 20
    m_AngleError: 8
    m_AreaError: 15
  m_PreserveMeshAssetOnDestroy: 0
  assetGuid: 
  m_Mesh: {fileID: 0}
  m_VersionIndex: 1977
  m_IsSelectable: 1
  m_SelectedFaces: 
  m_SelectedEdges: []
  m_SelectedVertices: 
--- !u!114 &3150341482619039727
MonoBehaviour:
  m_ObjectHideFlags: 0
  m_CorrespondingSourceObject: {fileID: 0}
  m_PrefabInstance: {fileID: 0}
  m_PrefabAsset: {fileID: 0}
  m_GameObject: {fileID: 3150341482619039714}
  m_Enabled: 1
  m_EditorHideFlags: 0
  m_Script: {fileID: 11500000, guid: bb977b126bc1b4f15813dcf9da9bb600, type: 3}
  m_Name: 
  m_EditorClassIdentifier: 
  m_Points:
  - {x: 0, y: 0, z: 0}
  - {x: -3.0071487, y: 0, z: -0.00038528442}
  - {x: -4.9757614, y: 0, z: 2.0646954}
  - {x: -5.013241, y: 0, z: 5.0093594}
  - {x: -3.02705, y: 0, z: 7.043272}
  - {x: -0.06467819, y: 0, z: 7.0345325}
  - {x: 1.9589348, y: 0, z: 5.0864105}
  - {x: 2.0148506, y: 0, z: 2.0135078}
  m_Extrude: 1
  m_EditMode: 0
  m_FlipNormals: 0
  isOnGrid: 1
--- !u!23 &3150341482619039726
MeshRenderer:
  m_ObjectHideFlags: 0
  m_CorrespondingSourceObject: {fileID: 0}
  m_PrefabInstance: {fileID: 0}
  m_PrefabAsset: {fileID: 0}
  m_GameObject: {fileID: 3150341482619039714}
  m_Enabled: 1
  m_CastShadows: 1
  m_ReceiveShadows: 1
  m_DynamicOccludee: 1
  m_StaticShadowCaster: 0
  m_MotionVectors: 1
  m_LightProbeUsage: 1
  m_ReflectionProbeUsage: 1
  m_RayTracingMode: 2
  m_RayTraceProcedural: 0
  m_RenderingLayerMask: 1
  m_RendererPriority: 0
  m_Materials:
  - {fileID: 2100000, guid: 478bfd2a06a662d46af776a3e31feda5, type: 2}
  m_StaticBatchInfo:
    firstSubMesh: 0
    subMeshCount: 0
  m_StaticBatchRoot: {fileID: 0}
  m_ProbeAnchor: {fileID: 0}
  m_LightProbeVolumeOverride: {fileID: 0}
  m_ScaleInLightmap: 1
  m_ReceiveGI: 1
  m_PreserveUVs: 0
  m_IgnoreNormalsForChartDetection: 0
  m_ImportantGI: 0
  m_StitchLightmapSeams: 1
  m_SelectedEditorRenderState: 2
  m_MinimumChartSize: 4
  m_AutoUVMaxDistance: 0.5
  m_AutoUVMaxAngle: 89
  m_LightmapParameters: {fileID: 0}
  m_SortingLayerID: 0
  m_SortingLayer: 0
  m_SortingOrder: 0
  m_AdditionalVertexStreams: {fileID: 0}
--- !u!33 &3150341482619039713
MeshFilter:
  m_ObjectHideFlags: 0
  m_CorrespondingSourceObject: {fileID: 0}
  m_PrefabInstance: {fileID: 0}
  m_PrefabAsset: {fileID: 0}
  m_GameObject: {fileID: 3150341482619039714}
  m_Mesh: {fileID: 0}
--- !u!64 &3150341482619039712
MeshCollider:
  m_ObjectHideFlags: 0
  m_CorrespondingSourceObject: {fileID: 0}
  m_PrefabInstance: {fileID: 0}
  m_PrefabAsset: {fileID: 0}
  m_GameObject: {fileID: 3150341482619039714}
  m_Material: {fileID: 0}
  m_IsTrigger: 0
  m_Enabled: 1
  serializedVersion: 4
  m_Convex: 0
  m_CookingOptions: 30
  m_Mesh: {fileID: 0}
--- !u!1 &3150341482995896398
GameObject:
  m_ObjectHideFlags: 0
  m_CorrespondingSourceObject: {fileID: 0}
  m_PrefabInstance: {fileID: 0}
  m_PrefabAsset: {fileID: 0}
  serializedVersion: 6
  m_Component:
  - component: {fileID: 3150341482995896399}
  - component: {fileID: 3150341482995896392}
  - component: {fileID: 3150341482995896395}
  - component: {fileID: 3150341482995896394}
  - component: {fileID: 3150341482995896397}
  - component: {fileID: 3150341482995896396}
  m_Layer: 0
  m_Name: Platform (1)
  m_TagString: Untagged
  m_Icon: {fileID: 0}
  m_NavMeshLayer: 0
  m_StaticEditorFlags: 0
  m_IsActive: 1
--- !u!4 &3150341482995896399
Transform:
  m_ObjectHideFlags: 0
  m_CorrespondingSourceObject: {fileID: 0}
  m_PrefabInstance: {fileID: 0}
  m_PrefabAsset: {fileID: 0}
  m_GameObject: {fileID: 3150341482995896398}
  m_LocalRotation: {x: -0, y: -0, z: -0, w: 1}
  m_LocalPosition: {x: 50, y: 4.99, z: 3}
  m_LocalScale: {x: 0.48919412, y: 0.48919412, z: 0.48919412}
  m_ConstrainProportionsScale: 0
  m_Children: []
  m_Father: {fileID: 4424562744220900802}
  m_RootOrder: 0
  m_LocalEulerAnglesHint: {x: 0, y: 0, z: 0}
--- !u!114 &3150341482995896392
MonoBehaviour:
  m_ObjectHideFlags: 0
  m_CorrespondingSourceObject: {fileID: 0}
  m_PrefabInstance: {fileID: 0}
  m_PrefabAsset: {fileID: 0}
  m_GameObject: {fileID: 3150341482995896398}
  m_Enabled: 1
  m_EditorHideFlags: 0
  m_Script: {fileID: 11500000, guid: 8233d90336aea43098adf6dbabd606a2, type: 3}
  m_Name: 
  m_EditorClassIdentifier: 
  m_MeshFormatVersion: 2
  m_Faces:
  - m_Indexes: 010000000200000000000000000000000200000007000000070000000200000006000000060000000200000005000000050000000200000003000000050000000300000004000000
    m_SmoothingGroup: 0
    m_Uv:
      m_UseWorldSpace: 0
      m_FlipU: 0
      m_FlipV: 0
      m_SwapUV: 0
      m_Fill: 1
      m_Scale: {x: 1, y: 1}
      m_Offset: {x: 0, y: 0}
      m_Rotation: 0
      m_Anchor: 9
    m_Material: {fileID: 2100000, guid: 31321ba15b8f8eb4c954353edc038b1d, type: 2}
    m_SubmeshIndex: 0
    m_ManualUV: 0
    elementGroup: 0
    m_TextureGroup: -1
  - m_Indexes: 0f0000000e0000000d0000000e000000090000000d0000000d000000090000000c0000000c000000090000000b0000000b000000090000000a0000000a0000000900000008000000
    m_SmoothingGroup: 0
    m_Uv:
      m_UseWorldSpace: 0
      m_FlipU: 0
      m_FlipV: 0
      m_SwapUV: 0
      m_Fill: 1
      m_Scale: {x: 1, y: 1}
      m_Offset: {x: 0, y: 0}
      m_Rotation: 0
      m_Anchor: 9
    m_Material: {fileID: 2100000, guid: 31321ba15b8f8eb4c954353edc038b1d, type: 2}
    m_SubmeshIndex: 0
    m_ManualUV: 0
    elementGroup: 0
    m_TextureGroup: -1
  - m_Indexes: 100000001100000012000000110000001300000012000000
    m_SmoothingGroup: 0
    m_Uv:
      m_UseWorldSpace: 0
      m_FlipU: 0
      m_FlipV: 0
      m_SwapUV: 0
      m_Fill: 1
      m_Scale: {x: 1, y: 1}
      m_Offset: {x: 0, y: 0}
      m_Rotation: 0
      m_Anchor: 9
    m_Material: {fileID: 0}
    m_SubmeshIndex: 0
    m_ManualUV: 0
    elementGroup: -1
    m_TextureGroup: -1
  - m_Indexes: 140000001500000016000000150000001700000016000000
    m_SmoothingGroup: 0
    m_Uv:
      m_UseWorldSpace: 0
      m_FlipU: 0
      m_FlipV: 0
      m_SwapUV: 0
      m_Fill: 1
      m_Scale: {x: 1, y: 1}
      m_Offset: {x: 0, y: 0}
      m_Rotation: 0
      m_Anchor: 9
    m_Material: {fileID: 0}
    m_SubmeshIndex: 0
    m_ManualUV: 0
    elementGroup: -1
    m_TextureGroup: -1
  - m_Indexes: 18000000190000001a000000190000001b0000001a000000
    m_SmoothingGroup: 0
    m_Uv:
      m_UseWorldSpace: 0
      m_FlipU: 0
      m_FlipV: 0
      m_SwapUV: 0
      m_Fill: 1
      m_Scale: {x: 1, y: 1}
      m_Offset: {x: 0, y: 0}
      m_Rotation: 0
      m_Anchor: 9
    m_Material: {fileID: 0}
    m_SubmeshIndex: 0
    m_ManualUV: 0
    elementGroup: -1
    m_TextureGroup: -1
  - m_Indexes: 1c0000001d0000001e0000001d0000001f0000001e000000
    m_SmoothingGroup: 0
    m_Uv:
      m_UseWorldSpace: 0
      m_FlipU: 0
      m_FlipV: 0
      m_SwapUV: 0
      m_Fill: 1
      m_Scale: {x: 1, y: 1}
      m_Offset: {x: 0, y: 0}
      m_Rotation: 0
      m_Anchor: 9
    m_Material: {fileID: 0}
    m_SubmeshIndex: 0
    m_ManualUV: 0
    elementGroup: -1
    m_TextureGroup: -1
  - m_Indexes: 200000002100000022000000210000002300000022000000
    m_SmoothingGroup: 0
    m_Uv:
      m_UseWorldSpace: 0
      m_FlipU: 0
      m_FlipV: 0
      m_SwapUV: 0
      m_Fill: 1
      m_Scale: {x: 1, y: 1}
      m_Offset: {x: 0, y: 0}
      m_Rotation: 0
      m_Anchor: 9
    m_Material: {fileID: 0}
    m_SubmeshIndex: 0
    m_ManualUV: 0
    elementGroup: -1
    m_TextureGroup: -1
  - m_Indexes: 240000002500000026000000250000002700000026000000
    m_SmoothingGroup: 0
    m_Uv:
      m_UseWorldSpace: 0
      m_FlipU: 0
      m_FlipV: 0
      m_SwapUV: 0
      m_Fill: 1
      m_Scale: {x: 1, y: 1}
      m_Offset: {x: 0, y: 0}
      m_Rotation: 0
      m_Anchor: 9
    m_Material: {fileID: 0}
    m_SubmeshIndex: 0
    m_ManualUV: 0
    elementGroup: -1
    m_TextureGroup: -1
  - m_Indexes: 28000000290000002a000000290000002b0000002a000000
    m_SmoothingGroup: 0
    m_Uv:
      m_UseWorldSpace: 0
      m_FlipU: 0
      m_FlipV: 0
      m_SwapUV: 0
      m_Fill: 1
      m_Scale: {x: 1, y: 1}
      m_Offset: {x: 0, y: 0}
      m_Rotation: 0
      m_Anchor: 9
    m_Material: {fileID: 0}
    m_SubmeshIndex: 0
    m_ManualUV: 0
    elementGroup: -1
    m_TextureGroup: -1
  - m_Indexes: 2c0000002d0000002e0000002d0000002f0000002e000000
    m_SmoothingGroup: 0
    m_Uv:
      m_UseWorldSpace: 0
      m_FlipU: 0
      m_FlipV: 0
      m_SwapUV: 0
      m_Fill: 1
      m_Scale: {x: 1, y: 1}
      m_Offset: {x: 0, y: 0}
      m_Rotation: 0
      m_Anchor: 9
    m_Material: {fileID: 0}
    m_SubmeshIndex: 0
    m_ManualUV: 0
    elementGroup: -1
    m_TextureGroup: -1
  m_SharedVertices:
  - m_Vertices: 00000000160000001b000000
  - m_Vertices: 0a0000001400000019000000
  - m_Vertices: 010000001200000017000000
  - m_Vertices: 080000001000000015000000
  - m_Vertices: 020000001300000026000000
  - m_Vertices: 090000001100000024000000
  - m_Vertices: 03000000270000002a000000
  - m_Vertices: 0e0000002500000028000000
  - m_Vertices: 040000002b0000002e000000
  - m_Vertices: 0f000000290000002c000000
  - m_Vertices: 05000000220000002f000000
  - m_Vertices: 0d000000200000002d000000
  - m_Vertices: 060000001e00000023000000
  - m_Vertices: 0c0000001c00000021000000
  - m_Vertices: 070000001a0000001f000000
  - m_Vertices: 0b000000180000001d000000
  m_SharedTextures: []
  m_Positions:
  - {x: 0.79506683, y: 10, z: -1.867528}
  - {x: -3.8068619, y: 10, z: -1.8681178}
  - {x: -6.8194885, y: 10, z: 1.2921381}
  - {x: -6.8768463, y: 10, z: 5.7984467}
  - {x: -3.8373184, y: 10, z: 8.911005}
  - {x: 0.6960907, y: 10, z: 8.897631}
  - {x: 3.7928848, y: 10, z: 5.91636}
  - {x: 3.878456, y: 10, z: 1.2138042}
  - {x: -3.0071547, y: -10.200449, z: -0.00038475366}
  - {x: -4.9757633, y: -10.200449, z: 2.0646958}
  - {x: -0.00000333786, y: -10.200449, z: 0.00000026871407}
  - {x: 2.014847, y: -10.200449, z: 2.0135083}
  - {x: 1.958928, y: -10.200449, z: 5.0864105}
  - {x: -0.064679295, y: -10.200449, z: 7.034532}
  - {x: -5.013248, y: -10.200449, z: 5.0093594}
  - {x: -3.027055, y: -10.200449, z: 7.0432715}
  - {x: -3.0071547, y: -10.200449, z: -0.00038475366}
  - {x: -4.9757633, y: -10.200449, z: 2.0646958}
  - {x: -3.8068619, y: 10, z: -1.8681178}
  - {x: -6.8194885, y: 10, z: 1.2921381}
  - {x: -0.00000333786, y: -10.200449, z: 0.00000026871407}
  - {x: -3.0071547, y: -10.200449, z: -0.00038475366}
  - {x: 0.79506683, y: 10, z: -1.867528}
  - {x: -3.8068619, y: 10, z: -1.8681178}
  - {x: 2.014847, y: -10.200449, z: 2.0135083}
  - {x: -0.00000333786, y: -10.200449, z: 0.00000026871407}
  - {x: 3.878456, y: 10, z: 1.2138042}
  - {x: 0.79506683, y: 10, z: -1.867528}
  - {x: 1.958928, y: -10.200449, z: 5.0864105}
  - {x: 2.014847, y: -10.200449, z: 2.0135083}
  - {x: 3.7928848, y: 10, z: 5.91636}
  - {x: 3.878456, y: 10, z: 1.2138042}
  - {x: -0.064679295, y: -10.200449, z: 7.034532}
  - {x: 1.958928, y: -10.200449, z: 5.0864105}
  - {x: 0.6960907, y: 10, z: 8.897631}
  - {x: 3.7928848, y: 10, z: 5.91636}
  - {x: -4.9757633, y: -10.200449, z: 2.0646958}
  - {x: -5.013248, y: -10.200449, z: 5.0093594}
  - {x: -6.8194885, y: 10, z: 1.2921381}
  - {x: -6.8768463, y: 10, z: 5.7984467}
  - {x: -5.013248, y: -10.200449, z: 5.0093594}
  - {x: -3.027055, y: -10.200449, z: 7.0432715}
  - {x: -6.8768463, y: 10, z: 5.7984467}
  - {x: -3.8373184, y: 10, z: 8.911005}
  - {x: -3.027055, y: -10.200449, z: 7.0432715}
  - {x: -0.064679295, y: -10.200449, z: 7.034532}
  - {x: -3.8373184, y: 10, z: 8.911005}
  - {x: 0.6960907, y: 10, z: 8.897631}
  m_Textures0:
  - {x: 0.79506683, y: -1.867528}
  - {x: -3.8068619, y: -1.8681178}
  - {x: -6.8194885, y: 1.2921381}
  - {x: -6.8768463, y: 5.7984467}
  - {x: -3.8373184, y: 8.911005}
  - {x: 0.6960907, y: 8.897631}
  - {x: 3.7928848, y: 5.91636}
  - {x: 3.878456, y: 1.2138042}
  - {x: 3.0071547, y: -0.00038475366}
  - {x: 4.9757633, y: 2.0646958}
  - {x: 0.00000333786, y: 0.00000026871436}
  - {x: -2.014847, y: 2.0135083}
  - {x: -1.958928, y: 5.0864105}
  - {x: 0.064679295, y: 7.034532}
  - {x: 5.013248, y: 5.0093594}
  - {x: 3.027055, y: 7.0432715}
  - {x: -2.074652, y: -9.956731}
  - {x: -4.9277167, y: -9.956731}
  - {x: -1.2745619, y: 10.3298645}
  - {x: -5.640697, y: 10.3298645}
  - {x: -0.0000033378258, y: -10.15713}
  - {x: -3.0071547, y: -10.15713}
  - {x: 0.7948277, y: 10.129471}
  - {x: -3.807101, y: 10.129471}
  - {x: 2.8484776, y: -10.156419}
  - {x: -0.0000021710634, y: -10.156419}
  - {x: 3.6013994, y: 10.131601}
  - {x: -0.7577172, y: 10.131601}
  - {x: 5.0499268, y: -9.971055}
  - {x: 1.9765159, y: -9.971055}
  - {x: 5.8463707, y: 10.313816}
  - {x: 1.1430368, y: 10.313816}
  - {x: 4.9253426, y: -9.694066}
  - {x: 2.1163988, y: -9.694066}
  - {x: 5.6694098, y: 10.592738}
  - {x: 1.3707925, y: 10.592738}
  - {x: -2.1278634, y: -9.7056}
  - {x: -5.0727654, y: -9.7056}
  - {x: -1.3788364, y: 10.579697}
  - {x: -5.88551, y: 10.579696}
  - {x: -0.081368975, y: -9.498053}
  - {x: -2.9242127, y: -9.498053}
  - {x: 0.65610784, y: 10.790118}
  - {x: -3.6943803, y: 10.790118}
  - {x: 3.0478206, y: -9.51043}
  - {x: 0.085431896, y: -9.51043}
  - {x: 3.8635905, y: 10.775959}
  - {x: -0.66983837, y: 10.775959}
  m_Textures2: []
  m_Textures3: []
  m_Tangents:
  - {x: 1, y: 0, z: 0, w: -1}
  - {x: 1, y: 0, z: 0, w: -1}
  - {x: 1, y: 0, z: 0, w: -1}
  - {x: 1, y: 0, z: 0, w: -1}
  - {x: 1, y: 0, z: 0, w: -1}
  - {x: 1, y: 0, z: 0, w: -1}
  - {x: 1, y: 0, z: 0, w: -1}
  - {x: 1, y: 0, z: 0, w: -1}
  - {x: -1, y: 0, z: 0, w: -1}
  - {x: -1, y: 0, z: 0, w: -1}
  - {x: -1, y: 0, z: 0, w: -1}
  - {x: -1, y: 0, z: 0, w: -1}
  - {x: -1, y: 0, z: 0, w: -1}
  - {x: -1, y: 0, z: 0, w: -1}
  - {x: -1, y: 0, z: 0, w: -1}
  - {x: -1, y: 0, z: 0, w: -1}
  - {x: 0.6899979, y: 0, z: -0.7238114, w: -1}
  - {x: 0.6899982, y: 0, z: -0.72381115, w: -1}
  - {x: 0.6899982, y: 0, z: -0.72381115, w: -1}
  - {x: 0.6899985, y: 0, z: -0.72381085, w: -1}
  - {x: 1, y: 0, z: 0.00012803558, w: -1}
  - {x: 1, y: -1.3396822e-12, z: 0.00012810477, w: -1}
  - {x: 1, y: -1.3396822e-12, z: 0.00012810477, w: -1}
  - {x: 1, y: 0, z: 0.00012817398, w: -1}
  - {x: 0.7073424, y: 0.0000000027660487, z: 0.70687115, w: -1}
  - {x: 0.7073425, y: -0.0000000027660474, z: 0.706871, w: -1}
  - {x: 0.7073425, y: -0.0000000027660474, z: 0.706871, w: -1}
  - {x: 0.7073427, y: 0.0000000027660465, z: 0.7068708, w: -1}
  - {x: -0.018194461, y: 0, z: 0.9998345, w: -1}
  - {x: -0.018194105, y: -1.6976048e-10, z: 0.9998345, w: -1}
  - {x: -0.018194105, y: -1.6976048e-10, z: 0.9998345, w: -1}
  - {x: -0.018193752, y: -1.6976037e-10, z: 0.99983454, w: -1}
  - {x: -0.72041583, y: 0.0000000027468763, z: 0.6935425, w: -1}
  - {x: -0.72041607, y: 0.0000000027468783, z: 0.6935421, w: -1}
  - {x: -0.72041607, y: 0.0000000027468783, z: 0.6935421, w: -1}
  - {x: -0.7204164, y: 0.000000005493761, z: 0.69354177, w: -1}
  - {x: 0.012728657, y: 0, z: -0.999919, w: -1}
  - {x: 0.012727998, y: -0.00000021072869, z: -0.999919, w: -1}
  - {x: 0.012727998, y: -0.00000021072869, z: -0.999919, w: -1}
  - {x: 0.012727338, y: -0.00000042154247, z: -0.999919, w: -1}
  - {x: -0.6986641, y: -0.0000000027684108, z: -0.71544987, w: -1}
  - {x: -0.6986639, y: -0.0000000027684126, z: -0.7154501, w: -1}
  - {x: -0.6986639, y: -0.0000000027684126, z: -0.7154501, w: -1}
  - {x: -0.69866365, y: -0.0000000027684146, z: -0.71545035, w: -1}
  - {x: -0.99999565, y: -2.1408797e-11, z: 0.0029501438, w: -1}
  - {x: -0.99999565, y: 0, z: 0.0029501505, w: -1}
  - {x: -0.99999565, y: 0, z: 0.0029501505, w: -1}
  - {x: -0.99999565, y: 0, z: 0.0029501575, w: -1}
  m_Colors: []
  m_UnwrapParameters:
    m_HardAngle: 88
    m_PackMargin: 20
    m_AngleError: 8
    m_AreaError: 15
  m_PreserveMeshAssetOnDestroy: 0
  assetGuid: 
  m_Mesh: {fileID: 0}
  m_VersionIndex: 1866
  m_IsSelectable: 1
  m_SelectedFaces: 
  m_SelectedEdges: []
  m_SelectedVertices: 
--- !u!114 &3150341482995896395
MonoBehaviour:
  m_ObjectHideFlags: 0
  m_CorrespondingSourceObject: {fileID: 0}
  m_PrefabInstance: {fileID: 0}
  m_PrefabAsset: {fileID: 0}
  m_GameObject: {fileID: 3150341482995896398}
  m_Enabled: 1
  m_EditorHideFlags: 0
  m_Script: {fileID: 11500000, guid: bb977b126bc1b4f15813dcf9da9bb600, type: 3}
  m_Name: 
  m_EditorClassIdentifier: 
  m_Points:
  - {x: 0, y: 0, z: 0}
  - {x: -3.0071487, y: 0, z: -0.00038528442}
  - {x: -4.9757614, y: 0, z: 2.0646954}
  - {x: -5.013241, y: 0, z: 5.0093594}
  - {x: -3.02705, y: 0, z: 7.043272}
  - {x: -0.06467819, y: 0, z: 7.0345325}
  - {x: 1.9589348, y: 0, z: 5.0864105}
  - {x: 2.0148506, y: 0, z: 2.0135078}
  m_Extrude: 1
  m_EditMode: 0
  m_FlipNormals: 0
  isOnGrid: 1
--- !u!23 &3150341482995896394
MeshRenderer:
  m_ObjectHideFlags: 0
  m_CorrespondingSourceObject: {fileID: 0}
  m_PrefabInstance: {fileID: 0}
  m_PrefabAsset: {fileID: 0}
  m_GameObject: {fileID: 3150341482995896398}
  m_Enabled: 1
  m_CastShadows: 1
  m_ReceiveShadows: 1
  m_DynamicOccludee: 1
  m_StaticShadowCaster: 0
  m_MotionVectors: 1
  m_LightProbeUsage: 1
  m_ReflectionProbeUsage: 1
  m_RayTracingMode: 2
  m_RayTraceProcedural: 0
  m_RenderingLayerMask: 1
  m_RendererPriority: 0
  m_Materials:
  - {fileID: 2100000, guid: 478bfd2a06a662d46af776a3e31feda5, type: 2}
  m_StaticBatchInfo:
    firstSubMesh: 0
    subMeshCount: 0
  m_StaticBatchRoot: {fileID: 0}
  m_ProbeAnchor: {fileID: 0}
  m_LightProbeVolumeOverride: {fileID: 0}
  m_ScaleInLightmap: 1
  m_ReceiveGI: 1
  m_PreserveUVs: 0
  m_IgnoreNormalsForChartDetection: 0
  m_ImportantGI: 0
  m_StitchLightmapSeams: 1
  m_SelectedEditorRenderState: 2
  m_MinimumChartSize: 4
  m_AutoUVMaxDistance: 0.5
  m_AutoUVMaxAngle: 89
  m_LightmapParameters: {fileID: 0}
  m_SortingLayerID: 0
  m_SortingLayer: 0
  m_SortingOrder: 0
  m_AdditionalVertexStreams: {fileID: 0}
--- !u!33 &3150341482995896397
MeshFilter:
  m_ObjectHideFlags: 0
  m_CorrespondingSourceObject: {fileID: 0}
  m_PrefabInstance: {fileID: 0}
  m_PrefabAsset: {fileID: 0}
  m_GameObject: {fileID: 3150341482995896398}
  m_Mesh: {fileID: 0}
--- !u!64 &3150341482995896396
MeshCollider:
  m_ObjectHideFlags: 0
  m_CorrespondingSourceObject: {fileID: 0}
  m_PrefabInstance: {fileID: 0}
  m_PrefabAsset: {fileID: 0}
  m_GameObject: {fileID: 3150341482995896398}
  m_Material: {fileID: 0}
  m_IsTrigger: 0
  m_Enabled: 1
  serializedVersion: 4
  m_Convex: 0
  m_CookingOptions: 30
  m_Mesh: {fileID: 0}
--- !u!1 &3150341483193774835
GameObject:
  m_ObjectHideFlags: 0
  m_CorrespondingSourceObject: {fileID: 0}
  m_PrefabInstance: {fileID: 0}
  m_PrefabAsset: {fileID: 0}
  serializedVersion: 6
  m_Component:
  - component: {fileID: 3150341483193774832}
  - component: {fileID: 3150341483193774845}
  - component: {fileID: 3150341483193774844}
  - component: {fileID: 3150341483193774847}
  - component: {fileID: 3150341483193774846}
  - component: {fileID: 3150341483193774833}
  m_Layer: 0
  m_Name: Platform (4)
  m_TagString: Untagged
  m_Icon: {fileID: 0}
  m_NavMeshLayer: 0
  m_StaticEditorFlags: 0
  m_IsActive: 1
--- !u!4 &3150341483193774832
Transform:
  m_ObjectHideFlags: 0
  m_CorrespondingSourceObject: {fileID: 0}
  m_PrefabInstance: {fileID: 0}
  m_PrefabAsset: {fileID: 0}
  m_GameObject: {fileID: 3150341483193774835}
  m_LocalRotation: {x: -0, y: -0, z: -0, w: 1}
  m_LocalPosition: {x: 60.85, y: 4.99, z: 6.44}
  m_LocalScale: {x: 0.48919412, y: 0.48919412, z: 0.48919412}
  m_ConstrainProportionsScale: 0
  m_Children: []
  m_Father: {fileID: 4424562744220900802}
  m_RootOrder: 3
  m_LocalEulerAnglesHint: {x: 0, y: 0, z: 0}
--- !u!114 &3150341483193774845
MonoBehaviour:
  m_ObjectHideFlags: 0
  m_CorrespondingSourceObject: {fileID: 0}
  m_PrefabInstance: {fileID: 0}
  m_PrefabAsset: {fileID: 0}
  m_GameObject: {fileID: 3150341483193774835}
  m_Enabled: 1
  m_EditorHideFlags: 0
  m_Script: {fileID: 11500000, guid: 8233d90336aea43098adf6dbabd606a2, type: 3}
  m_Name: 
  m_EditorClassIdentifier: 
  m_MeshFormatVersion: 2
  m_Faces:
  - m_Indexes: 010000000200000000000000000000000200000007000000070000000200000006000000060000000200000005000000050000000200000003000000050000000300000004000000
    m_SmoothingGroup: 0
    m_Uv:
      m_UseWorldSpace: 0
      m_FlipU: 0
      m_FlipV: 0
      m_SwapUV: 0
      m_Fill: 1
      m_Scale: {x: 1, y: 1}
      m_Offset: {x: 0, y: 0}
      m_Rotation: 0
      m_Anchor: 9
    m_Material: {fileID: 2100000, guid: 31321ba15b8f8eb4c954353edc038b1d, type: 2}
    m_SubmeshIndex: 0
    m_ManualUV: 0
    elementGroup: 0
    m_TextureGroup: -1
  - m_Indexes: 0f0000000e0000000d0000000e000000090000000d0000000d000000090000000c0000000c000000090000000b0000000b000000090000000a0000000a0000000900000008000000
    m_SmoothingGroup: 0
    m_Uv:
      m_UseWorldSpace: 0
      m_FlipU: 0
      m_FlipV: 0
      m_SwapUV: 0
      m_Fill: 1
      m_Scale: {x: 1, y: 1}
      m_Offset: {x: 0, y: 0}
      m_Rotation: 0
      m_Anchor: 9
    m_Material: {fileID: 2100000, guid: 31321ba15b8f8eb4c954353edc038b1d, type: 2}
    m_SubmeshIndex: 0
    m_ManualUV: 0
    elementGroup: 0
    m_TextureGroup: -1
  - m_Indexes: 100000001100000012000000110000001300000012000000
    m_SmoothingGroup: 0
    m_Uv:
      m_UseWorldSpace: 0
      m_FlipU: 0
      m_FlipV: 0
      m_SwapUV: 0
      m_Fill: 1
      m_Scale: {x: 1, y: 1}
      m_Offset: {x: 0, y: 0}
      m_Rotation: 0
      m_Anchor: 9
    m_Material: {fileID: 0}
    m_SubmeshIndex: 0
    m_ManualUV: 0
    elementGroup: -1
    m_TextureGroup: -1
  - m_Indexes: 140000001500000016000000150000001700000016000000
    m_SmoothingGroup: 0
    m_Uv:
      m_UseWorldSpace: 0
      m_FlipU: 0
      m_FlipV: 0
      m_SwapUV: 0
      m_Fill: 1
      m_Scale: {x: 1, y: 1}
      m_Offset: {x: 0, y: 0}
      m_Rotation: 0
      m_Anchor: 9
    m_Material: {fileID: 0}
    m_SubmeshIndex: 0
    m_ManualUV: 0
    elementGroup: -1
    m_TextureGroup: -1
  - m_Indexes: 18000000190000001a000000190000001b0000001a000000
    m_SmoothingGroup: 0
    m_Uv:
      m_UseWorldSpace: 0
      m_FlipU: 0
      m_FlipV: 0
      m_SwapUV: 0
      m_Fill: 1
      m_Scale: {x: 1, y: 1}
      m_Offset: {x: 0, y: 0}
      m_Rotation: 0
      m_Anchor: 9
    m_Material: {fileID: 0}
    m_SubmeshIndex: 0
    m_ManualUV: 0
    elementGroup: -1
    m_TextureGroup: -1
  - m_Indexes: 1c0000001d0000001e0000001d0000001f0000001e000000
    m_SmoothingGroup: 0
    m_Uv:
      m_UseWorldSpace: 0
      m_FlipU: 0
      m_FlipV: 0
      m_SwapUV: 0
      m_Fill: 1
      m_Scale: {x: 1, y: 1}
      m_Offset: {x: 0, y: 0}
      m_Rotation: 0
      m_Anchor: 9
    m_Material: {fileID: 0}
    m_SubmeshIndex: 0
    m_ManualUV: 0
    elementGroup: -1
    m_TextureGroup: -1
  - m_Indexes: 200000002100000022000000210000002300000022000000
    m_SmoothingGroup: 0
    m_Uv:
      m_UseWorldSpace: 0
      m_FlipU: 0
      m_FlipV: 0
      m_SwapUV: 0
      m_Fill: 1
      m_Scale: {x: 1, y: 1}
      m_Offset: {x: 0, y: 0}
      m_Rotation: 0
      m_Anchor: 9
    m_Material: {fileID: 0}
    m_SubmeshIndex: 0
    m_ManualUV: 0
    elementGroup: -1
    m_TextureGroup: -1
  - m_Indexes: 240000002500000026000000250000002700000026000000
    m_SmoothingGroup: 0
    m_Uv:
      m_UseWorldSpace: 0
      m_FlipU: 0
      m_FlipV: 0
      m_SwapUV: 0
      m_Fill: 1
      m_Scale: {x: 1, y: 1}
      m_Offset: {x: 0, y: 0}
      m_Rotation: 0
      m_Anchor: 9
    m_Material: {fileID: 0}
    m_SubmeshIndex: 0
    m_ManualUV: 0
    elementGroup: -1
    m_TextureGroup: -1
  - m_Indexes: 28000000290000002a000000290000002b0000002a000000
    m_SmoothingGroup: 0
    m_Uv:
      m_UseWorldSpace: 0
      m_FlipU: 0
      m_FlipV: 0
      m_SwapUV: 0
      m_Fill: 1
      m_Scale: {x: 1, y: 1}
      m_Offset: {x: 0, y: 0}
      m_Rotation: 0
      m_Anchor: 9
    m_Material: {fileID: 0}
    m_SubmeshIndex: 0
    m_ManualUV: 0
    elementGroup: -1
    m_TextureGroup: -1
  - m_Indexes: 2c0000002d0000002e0000002d0000002f0000002e000000
    m_SmoothingGroup: 0
    m_Uv:
      m_UseWorldSpace: 0
      m_FlipU: 0
      m_FlipV: 0
      m_SwapUV: 0
      m_Fill: 1
      m_Scale: {x: 1, y: 1}
      m_Offset: {x: 0, y: 0}
      m_Rotation: 0
      m_Anchor: 9
    m_Material: {fileID: 0}
    m_SubmeshIndex: 0
    m_ManualUV: 0
    elementGroup: -1
    m_TextureGroup: -1
  m_SharedVertices:
  - m_Vertices: 00000000160000001b000000
  - m_Vertices: 0a0000001400000019000000
  - m_Vertices: 010000001200000017000000
  - m_Vertices: 080000001000000015000000
  - m_Vertices: 020000001300000026000000
  - m_Vertices: 090000001100000024000000
  - m_Vertices: 03000000270000002a000000
  - m_Vertices: 0e0000002500000028000000
  - m_Vertices: 040000002b0000002e000000
  - m_Vertices: 0f000000290000002c000000
  - m_Vertices: 05000000220000002f000000
  - m_Vertices: 0d000000200000002d000000
  - m_Vertices: 060000001e00000023000000
  - m_Vertices: 0c0000001c00000021000000
  - m_Vertices: 070000001a0000001f000000
  - m_Vertices: 0b000000180000001d000000
  m_SharedTextures: []
  m_Positions:
  - {x: 0.79506683, y: 4.1373615, z: -1.8675278}
  - {x: -3.8068607, y: 4.1373615, z: -1.8681176}
  - {x: -6.819486, y: 4.1373615, z: 1.2921381}
  - {x: -6.8768477, y: 4.1373615, z: 5.7984476}
  - {x: -3.8373194, y: 4.1373615, z: 8.911005}
  - {x: 0.69608784, y: 4.1373615, z: 8.89763}
  - {x: 3.792884, y: 4.1373615, z: 5.91636}
  - {x: 3.8784585, y: 4.1373615, z: 1.2138041}
  - {x: -3.0071547, y: -10.200449, z: -0.00038475366}
  - {x: -4.9757633, y: -10.200449, z: 2.0646958}
  - {x: -0.00000333786, y: -10.200449, z: 0.00000026871407}
  - {x: 2.014847, y: -10.200449, z: 2.0135083}
  - {x: 1.958928, y: -10.200449, z: 5.0864105}
  - {x: -0.064679295, y: -10.200449, z: 7.034532}
  - {x: -5.013248, y: -10.200449, z: 5.0093594}
  - {x: -3.027055, y: -10.200449, z: 7.0432715}
  - {x: -3.0071547, y: -10.200449, z: -0.00038475366}
  - {x: -4.9757633, y: -10.200449, z: 2.0646958}
  - {x: -3.8068607, y: 4.1373615, z: -1.8681176}
  - {x: -6.819486, y: 4.1373615, z: 1.2921381}
  - {x: -0.00000333786, y: -10.200449, z: 0.00000026871407}
  - {x: -3.0071547, y: -10.200449, z: -0.00038475366}
  - {x: 0.79506683, y: 4.1373615, z: -1.8675278}
  - {x: -3.8068607, y: 4.1373615, z: -1.8681176}
  - {x: 2.014847, y: -10.200449, z: 2.0135083}
  - {x: -0.00000333786, y: -10.200449, z: 0.00000026871407}
  - {x: 3.8784585, y: 4.1373615, z: 1.2138041}
  - {x: 0.79506683, y: 4.1373615, z: -1.8675278}
  - {x: 1.958928, y: -10.200449, z: 5.0864105}
  - {x: 2.014847, y: -10.200449, z: 2.0135083}
  - {x: 3.792884, y: 4.1373615, z: 5.91636}
  - {x: 3.8784585, y: 4.1373615, z: 1.2138041}
  - {x: -0.064679295, y: -10.200449, z: 7.034532}
  - {x: 1.958928, y: -10.200449, z: 5.0864105}
  - {x: 0.69608784, y: 4.1373615, z: 8.89763}
  - {x: 3.792884, y: 4.1373615, z: 5.91636}
  - {x: -4.9757633, y: -10.200449, z: 2.0646958}
  - {x: -5.013248, y: -10.200449, z: 5.0093594}
  - {x: -6.819486, y: 4.1373615, z: 1.2921381}
  - {x: -6.8768477, y: 4.1373615, z: 5.7984476}
  - {x: -5.013248, y: -10.200449, z: 5.0093594}
  - {x: -3.027055, y: -10.200449, z: 7.0432715}
  - {x: -6.8768477, y: 4.1373615, z: 5.7984476}
  - {x: -3.8373194, y: 4.1373615, z: 8.911005}
  - {x: -3.027055, y: -10.200449, z: 7.0432715}
  - {x: -0.064679295, y: -10.200449, z: 7.034532}
  - {x: -3.8373194, y: 4.1373615, z: 8.911005}
  - {x: 0.69608784, y: 4.1373615, z: 8.89763}
  m_Textures0:
  - {x: 0.79506683, y: -1.8675278}
  - {x: -3.8068607, y: -1.8681176}
  - {x: -6.819486, y: 1.2921381}
  - {x: -6.8768477, y: 5.7984476}
  - {x: -3.8373194, y: 8.911005}
  - {x: 0.69608784, y: 8.89763}
  - {x: 3.792884, y: 5.91636}
  - {x: 3.8784585, y: 1.2138041}
  - {x: 3.0071547, y: -0.00038475366}
  - {x: 4.9757633, y: 2.0646958}
  - {x: 0.00000333786, y: 0.00000026871436}
  - {x: -2.014847, y: 2.0135083}
  - {x: -1.958928, y: 5.0864105}
  - {x: 0.064679295, y: 7.034532}
  - {x: 5.013248, y: 5.0093594}
  - {x: 3.027055, y: 7.0432715}
  - {x: -2.074652, y: -9.833829}
  - {x: -4.9277167, y: -9.833829}
  - {x: -1.2745612, y: 4.6250997}
  - {x: -5.6406956, y: 4.6250997}
  - {x: -0.0000033378258, y: -10.114997}
  - {x: -3.0071547, y: -10.114997}
  - {x: 0.7948277, y: 4.3439393}
  - {x: -3.8070998, y: 4.34394}
  - {x: 2.8484776, y: -10.113604}
  - {x: -0.0000021710634, y: -10.113604}
  - {x: 3.601401, y: 4.3473263}
  - {x: -0.75771713, y: 4.347326}
  - {x: 5.0499268, y: -9.854386}
  - {x: 1.976516, y: -9.854386}
  - {x: 5.846371, y: 4.602124}
  - {x: 1.1430367, y: 4.602124}
  - {x: 4.9253426, y: -9.465246}
  - {x: 2.1163988, y: -9.465246}
  - {x: 5.669411, y: 4.993975}
  - {x: 1.370793, y: 4.9939756}
  - {x: -2.1278634, y: -9.481804}
  - {x: -5.0727654, y: -9.481804}
  - {x: -1.3788363, y: 4.975303}
  - {x: -5.885511, y: 4.9753027}
  - {x: -0.08136927, y: -9.18991}
  - {x: -2.9242132, y: -9.18991}
  - {x: 0.65610784, y: 5.271231}
  - {x: -3.6943803, y: 5.2712317}
  - {x: 3.0478206, y: -9.207696}
  - {x: 0.085431896, y: -9.207696}
  - {x: 3.8635914, y: 5.250945}
  - {x: -0.6698355, y: 5.250945}
  m_Textures2: []
  m_Textures3: []
  m_Tangents:
  - {x: 1, y: 0, z: 0, w: -1}
  - {x: 1, y: 0, z: 0, w: -1}
  - {x: 1, y: 0, z: 0, w: -1}
  - {x: 1, y: 0, z: 0, w: -1}
  - {x: 1, y: 0, z: 0, w: -1}
  - {x: 1, y: 0, z: 0, w: -1}
  - {x: 1, y: 0, z: 0, w: -1}
  - {x: 1, y: 0, z: 0, w: -1}
  - {x: -1, y: 0, z: 0, w: -1}
  - {x: -1, y: 0, z: 0, w: -1}
  - {x: -1, y: 0, z: 0, w: -1}
  - {x: -1, y: 0, z: 0, w: -1}
  - {x: -1, y: 0, z: 0, w: -1}
  - {x: -1, y: 0, z: 0, w: -1}
  - {x: -1, y: 0, z: 0, w: -1}
  - {x: -1, y: 0, z: 0, w: -1}
  - {x: 0.6899979, y: 0, z: -0.7238114, w: -1}
  - {x: 0.68999815, y: 0, z: -0.72381115, w: -1}
  - {x: 0.68999815, y: 0, z: -0.72381115, w: -1}
  - {x: 0.6899984, y: 0, z: -0.7238109, w: -1}
  - {x: 1, y: 1.8796399e-12, z: 0.0001280356, w: -1}
  - {x: 1, y: 0, z: 0.00012809185, w: -1}
  - {x: 1, y: 0, z: 0.00012809185, w: -1}
  - {x: 1, y: -1.87964e-12, z: 0.00012814811, w: -1}
  - {x: 0.7073424, y: 0.0000000038806434, z: 0.70687115, w: -1}
  - {x: 0.7073426, y: 0.00000000776128, z: 0.70687085, w: -1}
  - {x: 0.7073426, y: 0.00000000776128, z: 0.70687085, w: -1}
  - {x: 0.707343, y: 0.000000003880637, z: 0.7068705, w: -1}
  - {x: -0.01819446, y: 0, z: 0.9998345, w: -1}
  - {x: -0.018194431, y: -2.3820207e-10, z: 0.9998345, w: -1}
  - {x: -0.018194431, y: -2.3820207e-10, z: 0.9998345, w: -1}
  - {x: -0.018194407, y: -2.3820207e-10, z: 0.9998345, w: -1}
  - {x: -0.7204158, y: 0.00000000385396, z: 0.6935425, w: -1}
  - {x: -0.7204163, y: 0.00000012155849, z: 0.69354194, w: -1}
  - {x: -0.7204163, y: 0.00000012155849, z: 0.69354194, w: -1}
  - {x: -0.7204167, y: 0.00000021999315, z: 0.69354147, w: -1}
  - {x: 0.012728656, y: 0, z: -0.999919, w: -1}
  - {x: 0.012728414, y: -0.00000010493378, z: -0.999919, w: -1}
  - {x: 0.012728414, y: -0.00000010493378, z: -0.999919, w: -1}
  - {x: 0.012728172, y: -0.00000020974818, z: -0.999919, w: -1}
  - {x: -0.6986641, y: 0.000000003883929, z: -0.71544987, w: -1}
  - {x: -0.69866395, y: 0.0000000038839314, z: -0.71545, w: -1}
  - {x: -0.69866395, y: 0.0000000038839314, z: -0.71545, w: -1}
  - {x: -0.6986638, y: 0, z: -0.71545017, w: -1}
  - {x: -0.99999565, y: 0, z: 0.0029501438, w: -1}
  - {x: -0.99999565, y: 3.0037892e-11, z: 0.0029502562, w: -1}
  - {x: -0.99999565, y: 3.0037892e-11, z: 0.0029502562, w: -1}
  - {x: -0.99999565, y: 0, z: 0.0029503691, w: -1}
  m_Colors: []
  m_UnwrapParameters:
    m_HardAngle: 88
    m_PackMargin: 20
    m_AngleError: 8
    m_AreaError: 15
  m_PreserveMeshAssetOnDestroy: 0
  assetGuid: 
  m_Mesh: {fileID: 0}
  m_VersionIndex: 2073
  m_IsSelectable: 1
  m_SelectedFaces: 
  m_SelectedEdges: []
  m_SelectedVertices: 
--- !u!114 &3150341483193774844
MonoBehaviour:
  m_ObjectHideFlags: 0
  m_CorrespondingSourceObject: {fileID: 0}
  m_PrefabInstance: {fileID: 0}
  m_PrefabAsset: {fileID: 0}
  m_GameObject: {fileID: 3150341483193774835}
  m_Enabled: 1
  m_EditorHideFlags: 0
  m_Script: {fileID: 11500000, guid: bb977b126bc1b4f15813dcf9da9bb600, type: 3}
  m_Name: 
  m_EditorClassIdentifier: 
  m_Points:
  - {x: 0, y: 0, z: 0}
  - {x: -3.0071487, y: 0, z: -0.00038528442}
  - {x: -4.9757614, y: 0, z: 2.0646954}
  - {x: -5.013241, y: 0, z: 5.0093594}
  - {x: -3.02705, y: 0, z: 7.043272}
  - {x: -0.06467819, y: 0, z: 7.0345325}
  - {x: 1.9589348, y: 0, z: 5.0864105}
  - {x: 2.0148506, y: 0, z: 2.0135078}
  m_Extrude: 1
  m_EditMode: 0
  m_FlipNormals: 0
  isOnGrid: 1
--- !u!23 &3150341483193774847
MeshRenderer:
  m_ObjectHideFlags: 0
  m_CorrespondingSourceObject: {fileID: 0}
  m_PrefabInstance: {fileID: 0}
  m_PrefabAsset: {fileID: 0}
  m_GameObject: {fileID: 3150341483193774835}
  m_Enabled: 1
  m_CastShadows: 1
  m_ReceiveShadows: 1
  m_DynamicOccludee: 1
  m_StaticShadowCaster: 0
  m_MotionVectors: 1
  m_LightProbeUsage: 1
  m_ReflectionProbeUsage: 1
  m_RayTracingMode: 2
  m_RayTraceProcedural: 0
  m_RenderingLayerMask: 1
  m_RendererPriority: 0
  m_Materials:
  - {fileID: 2100000, guid: 478bfd2a06a662d46af776a3e31feda5, type: 2}
  m_StaticBatchInfo:
    firstSubMesh: 0
    subMeshCount: 0
  m_StaticBatchRoot: {fileID: 0}
  m_ProbeAnchor: {fileID: 0}
  m_LightProbeVolumeOverride: {fileID: 0}
  m_ScaleInLightmap: 1
  m_ReceiveGI: 1
  m_PreserveUVs: 0
  m_IgnoreNormalsForChartDetection: 0
  m_ImportantGI: 0
  m_StitchLightmapSeams: 1
  m_SelectedEditorRenderState: 2
  m_MinimumChartSize: 4
  m_AutoUVMaxDistance: 0.5
  m_AutoUVMaxAngle: 89
  m_LightmapParameters: {fileID: 0}
  m_SortingLayerID: 0
  m_SortingLayer: 0
  m_SortingOrder: 0
  m_AdditionalVertexStreams: {fileID: 0}
--- !u!33 &3150341483193774846
MeshFilter:
  m_ObjectHideFlags: 0
  m_CorrespondingSourceObject: {fileID: 0}
  m_PrefabInstance: {fileID: 0}
  m_PrefabAsset: {fileID: 0}
  m_GameObject: {fileID: 3150341483193774835}
  m_Mesh: {fileID: 0}
--- !u!64 &3150341483193774833
MeshCollider:
  m_ObjectHideFlags: 0
  m_CorrespondingSourceObject: {fileID: 0}
  m_PrefabInstance: {fileID: 0}
  m_PrefabAsset: {fileID: 0}
  m_GameObject: {fileID: 3150341483193774835}
  m_Material: {fileID: 0}
  m_IsTrigger: 0
  m_Enabled: 1
  serializedVersion: 4
  m_Convex: 0
  m_CookingOptions: 30
  m_Mesh: {fileID: 0}
--- !u!1 &3150341483706790693
GameObject:
  m_ObjectHideFlags: 0
  m_CorrespondingSourceObject: {fileID: 0}
  m_PrefabInstance: {fileID: 0}
  m_PrefabAsset: {fileID: 0}
  serializedVersion: 6
  m_Component:
  - component: {fileID: 3150341483706790690}
  - component: {fileID: 3150341483706790703}
  - component: {fileID: 3150341483706790702}
  - component: {fileID: 3150341483706790689}
  - component: {fileID: 3150341483706790688}
  - component: {fileID: 3150341483706790691}
  m_Layer: 0
  m_Name: Platform (3)
  m_TagString: Untagged
  m_Icon: {fileID: 0}
  m_NavMeshLayer: 0
  m_StaticEditorFlags: 0
  m_IsActive: 1
--- !u!4 &3150341483706790690
Transform:
  m_ObjectHideFlags: 0
  m_CorrespondingSourceObject: {fileID: 0}
  m_PrefabInstance: {fileID: 0}
  m_PrefabAsset: {fileID: 0}
  m_GameObject: {fileID: 3150341483706790693}
  m_LocalRotation: {x: -0, y: -0, z: -0, w: 1}
  m_LocalPosition: {x: 57.18, y: 4.99, z: 2.73}
  m_LocalScale: {x: 0.48919412, y: 0.48919412, z: 0.48919412}
  m_ConstrainProportionsScale: 0
  m_Children: []
  m_Father: {fileID: 4424562744220900802}
  m_RootOrder: 2
  m_LocalEulerAnglesHint: {x: 0, y: 0, z: 0}
--- !u!114 &3150341483706790703
MonoBehaviour:
  m_ObjectHideFlags: 0
  m_CorrespondingSourceObject: {fileID: 0}
  m_PrefabInstance: {fileID: 0}
  m_PrefabAsset: {fileID: 0}
  m_GameObject: {fileID: 3150341483706790693}
  m_Enabled: 1
  m_EditorHideFlags: 0
  m_Script: {fileID: 11500000, guid: 8233d90336aea43098adf6dbabd606a2, type: 3}
  m_Name: 
  m_EditorClassIdentifier: 
  m_MeshFormatVersion: 2
  m_Faces:
  - m_Indexes: 010000000200000000000000000000000200000007000000070000000200000006000000060000000200000005000000050000000200000003000000050000000300000004000000
    m_SmoothingGroup: 0
    m_Uv:
      m_UseWorldSpace: 0
      m_FlipU: 0
      m_FlipV: 0
      m_SwapUV: 0
      m_Fill: 1
      m_Scale: {x: 1, y: 1}
      m_Offset: {x: 0, y: 0}
      m_Rotation: 0
      m_Anchor: 9
    m_Material: {fileID: 2100000, guid: 31321ba15b8f8eb4c954353edc038b1d, type: 2}
    m_SubmeshIndex: 0
    m_ManualUV: 0
    elementGroup: 0
    m_TextureGroup: -1
  - m_Indexes: 0f0000000e0000000d0000000e000000090000000d0000000d000000090000000c0000000c000000090000000b0000000b000000090000000a0000000a0000000900000008000000
    m_SmoothingGroup: 0
    m_Uv:
      m_UseWorldSpace: 0
      m_FlipU: 0
      m_FlipV: 0
      m_SwapUV: 0
      m_Fill: 1
      m_Scale: {x: 1, y: 1}
      m_Offset: {x: 0, y: 0}
      m_Rotation: 0
      m_Anchor: 9
    m_Material: {fileID: 2100000, guid: 31321ba15b8f8eb4c954353edc038b1d, type: 2}
    m_SubmeshIndex: 0
    m_ManualUV: 0
    elementGroup: 0
    m_TextureGroup: -1
  - m_Indexes: 100000001100000012000000110000001300000012000000
    m_SmoothingGroup: 0
    m_Uv:
      m_UseWorldSpace: 0
      m_FlipU: 0
      m_FlipV: 0
      m_SwapUV: 0
      m_Fill: 1
      m_Scale: {x: 1, y: 1}
      m_Offset: {x: 0, y: 0}
      m_Rotation: 0
      m_Anchor: 9
    m_Material: {fileID: 0}
    m_SubmeshIndex: 0
    m_ManualUV: 0
    elementGroup: -1
    m_TextureGroup: -1
  - m_Indexes: 140000001500000016000000150000001700000016000000
    m_SmoothingGroup: 0
    m_Uv:
      m_UseWorldSpace: 0
      m_FlipU: 0
      m_FlipV: 0
      m_SwapUV: 0
      m_Fill: 1
      m_Scale: {x: 1, y: 1}
      m_Offset: {x: 0, y: 0}
      m_Rotation: 0
      m_Anchor: 9
    m_Material: {fileID: 0}
    m_SubmeshIndex: 0
    m_ManualUV: 0
    elementGroup: -1
    m_TextureGroup: -1
  - m_Indexes: 18000000190000001a000000190000001b0000001a000000
    m_SmoothingGroup: 0
    m_Uv:
      m_UseWorldSpace: 0
      m_FlipU: 0
      m_FlipV: 0
      m_SwapUV: 0
      m_Fill: 1
      m_Scale: {x: 1, y: 1}
      m_Offset: {x: 0, y: 0}
      m_Rotation: 0
      m_Anchor: 9
    m_Material: {fileID: 0}
    m_SubmeshIndex: 0
    m_ManualUV: 0
    elementGroup: -1
    m_TextureGroup: -1
  - m_Indexes: 1c0000001d0000001e0000001d0000001f0000001e000000
    m_SmoothingGroup: 0
    m_Uv:
      m_UseWorldSpace: 0
      m_FlipU: 0
      m_FlipV: 0
      m_SwapUV: 0
      m_Fill: 1
      m_Scale: {x: 1, y: 1}
      m_Offset: {x: 0, y: 0}
      m_Rotation: 0
      m_Anchor: 9
    m_Material: {fileID: 0}
    m_SubmeshIndex: 0
    m_ManualUV: 0
    elementGroup: -1
    m_TextureGroup: -1
  - m_Indexes: 200000002100000022000000210000002300000022000000
    m_SmoothingGroup: 0
    m_Uv:
      m_UseWorldSpace: 0
      m_FlipU: 0
      m_FlipV: 0
      m_SwapUV: 0
      m_Fill: 1
      m_Scale: {x: 1, y: 1}
      m_Offset: {x: 0, y: 0}
      m_Rotation: 0
      m_Anchor: 9
    m_Material: {fileID: 0}
    m_SubmeshIndex: 0
    m_ManualUV: 0
    elementGroup: -1
    m_TextureGroup: -1
  - m_Indexes: 240000002500000026000000250000002700000026000000
    m_SmoothingGroup: 0
    m_Uv:
      m_UseWorldSpace: 0
      m_FlipU: 0
      m_FlipV: 0
      m_SwapUV: 0
      m_Fill: 1
      m_Scale: {x: 1, y: 1}
      m_Offset: {x: 0, y: 0}
      m_Rotation: 0
      m_Anchor: 9
    m_Material: {fileID: 0}
    m_SubmeshIndex: 0
    m_ManualUV: 0
    elementGroup: -1
    m_TextureGroup: -1
  - m_Indexes: 28000000290000002a000000290000002b0000002a000000
    m_SmoothingGroup: 0
    m_Uv:
      m_UseWorldSpace: 0
      m_FlipU: 0
      m_FlipV: 0
      m_SwapUV: 0
      m_Fill: 1
      m_Scale: {x: 1, y: 1}
      m_Offset: {x: 0, y: 0}
      m_Rotation: 0
      m_Anchor: 9
    m_Material: {fileID: 0}
    m_SubmeshIndex: 0
    m_ManualUV: 0
    elementGroup: -1
    m_TextureGroup: -1
  - m_Indexes: 2c0000002d0000002e0000002d0000002f0000002e000000
    m_SmoothingGroup: 0
    m_Uv:
      m_UseWorldSpace: 0
      m_FlipU: 0
      m_FlipV: 0
      m_SwapUV: 0
      m_Fill: 1
      m_Scale: {x: 1, y: 1}
      m_Offset: {x: 0, y: 0}
      m_Rotation: 0
      m_Anchor: 9
    m_Material: {fileID: 0}
    m_SubmeshIndex: 0
    m_ManualUV: 0
    elementGroup: -1
    m_TextureGroup: -1
  m_SharedVertices:
  - m_Vertices: 00000000160000001b000000
  - m_Vertices: 0a0000001400000019000000
  - m_Vertices: 010000001200000017000000
  - m_Vertices: 080000001000000015000000
  - m_Vertices: 020000001300000026000000
  - m_Vertices: 090000001100000024000000
  - m_Vertices: 03000000270000002a000000
  - m_Vertices: 0e0000002500000028000000
  - m_Vertices: 040000002b0000002e000000
  - m_Vertices: 0f000000290000002c000000
  - m_Vertices: 05000000220000002f000000
  - m_Vertices: 0d000000200000002d000000
  - m_Vertices: 060000001e00000023000000
  - m_Vertices: 0c0000001c00000021000000
  - m_Vertices: 070000001a0000001f000000
  - m_Vertices: 0b000000180000001d000000
  m_SharedTextures: []
  m_Positions:
  - {x: 0.79506505, y: 5.7101855, z: -1.8675278}
  - {x: -3.8068626, y: 5.7101855, z: -1.8681176}
  - {x: -6.819488, y: 5.7101855, z: 1.2921381}
  - {x: -6.8768497, y: 5.7101855, z: 5.7984467}
  - {x: -3.8373213, y: 5.7101855, z: 8.911005}
  - {x: 0.696086, y: 5.7101855, z: 8.897631}
  - {x: 3.7928822, y: 5.7101855, z: 5.91636}
  - {x: 3.8784566, y: 5.7101855, z: 1.2138046}
  - {x: -3.0071547, y: -10.200449, z: -0.00038475366}
  - {x: -4.9757633, y: -10.200449, z: 2.0646958}
  - {x: -0.00000333786, y: -10.200449, z: 0.00000026871407}
  - {x: 2.014847, y: -10.200449, z: 2.0135083}
  - {x: 1.958928, y: -10.200449, z: 5.0864105}
  - {x: -0.064679295, y: -10.200449, z: 7.034532}
  - {x: -5.013248, y: -10.200449, z: 5.0093594}
  - {x: -3.027055, y: -10.200449, z: 7.0432715}
  - {x: -3.0071547, y: -10.200449, z: -0.00038475366}
  - {x: -4.9757633, y: -10.200449, z: 2.0646958}
  - {x: -3.8068626, y: 5.7101855, z: -1.8681176}
  - {x: -6.819488, y: 5.7101855, z: 1.2921381}
  - {x: -0.00000333786, y: -10.200449, z: 0.00000026871407}
  - {x: -3.0071547, y: -10.200449, z: -0.00038475366}
  - {x: 0.79506505, y: 5.7101855, z: -1.8675278}
  - {x: -3.8068626, y: 5.7101855, z: -1.8681176}
  - {x: 2.014847, y: -10.200449, z: 2.0135083}
  - {x: -0.00000333786, y: -10.200449, z: 0.00000026871407}
  - {x: 3.8784566, y: 5.7101855, z: 1.2138046}
  - {x: 0.79506505, y: 5.7101855, z: -1.8675278}
  - {x: 1.958928, y: -10.200449, z: 5.0864105}
  - {x: 2.014847, y: -10.200449, z: 2.0135083}
  - {x: 3.7928822, y: 5.7101855, z: 5.91636}
  - {x: 3.8784566, y: 5.7101855, z: 1.2138046}
  - {x: -0.064679295, y: -10.200449, z: 7.034532}
  - {x: 1.958928, y: -10.200449, z: 5.0864105}
  - {x: 0.696086, y: 5.7101855, z: 8.897631}
  - {x: 3.7928822, y: 5.7101855, z: 5.91636}
  - {x: -4.9757633, y: -10.200449, z: 2.0646958}
  - {x: -5.013248, y: -10.200449, z: 5.0093594}
  - {x: -6.819488, y: 5.7101855, z: 1.2921381}
  - {x: -6.8768497, y: 5.7101855, z: 5.7984467}
  - {x: -5.013248, y: -10.200449, z: 5.0093594}
  - {x: -3.027055, y: -10.200449, z: 7.0432715}
  - {x: -6.8768497, y: 5.7101855, z: 5.7984467}
  - {x: -3.8373213, y: 5.7101855, z: 8.911005}
  - {x: -3.027055, y: -10.200449, z: 7.0432715}
  - {x: -0.064679295, y: -10.200449, z: 7.034532}
  - {x: -3.8373213, y: 5.7101855, z: 8.911005}
  - {x: 0.696086, y: 5.7101855, z: 8.897631}
  m_Textures0:
  - {x: 0.79506505, y: -1.8675278}
  - {x: -3.8068626, y: -1.8681176}
  - {x: -6.819488, y: 1.2921381}
  - {x: -6.8768497, y: 5.7984467}
  - {x: -3.8373213, y: 8.911005}
  - {x: 0.696086, y: 8.897631}
  - {x: 3.7928822, y: 5.91636}
  - {x: 3.8784566, y: 1.2138046}
  - {x: 3.0071547, y: -0.00038475366}
  - {x: 4.9757633, y: 2.0646958}
  - {x: 0.00000333786, y: 0.00000026871436}
  - {x: -2.014847, y: 2.0135083}
  - {x: -1.958928, y: 5.0864105}
  - {x: 0.064679295, y: 7.034532}
  - {x: 5.013248, y: 5.0093594}
  - {x: 3.027055, y: 7.0432715}
  - {x: -2.074652, y: -9.877121}
  - {x: -4.9277167, y: -9.877121}
  - {x: -1.2745626, y: 6.142746}
  - {x: -5.6406965, y: 6.142746}
  - {x: -0.0000033378258, y: -10.130893}
  - {x: -3.0071547, y: -10.130893}
  - {x: 0.7948259, y: 5.8889804}
  - {x: -3.8071017, y: 5.8889804}
  - {x: 2.8484776, y: -10.129755}
  - {x: -0.0000021710634, y: -10.129755}
  - {x: 3.6014, y: 5.891916}
  - {x: -0.7577184, y: 5.8919153}
  - {x: 5.0499268, y: -9.895536}
  - {x: 1.9765159, y: -9.895536}
  - {x: 5.8463707, y: 6.1221476}
  - {x: 1.1430372, y: 6.1221476}
  - {x: 4.925343, y: -9.544467}
  - {x: 2.116399, y: -9.544467}
  - {x: 5.6694136, y: 6.475662}
  - {x: 1.3707948, y: 6.4756627}
  - {x: -2.1278634, y: -9.559298}
  - {x: -5.0727654, y: -9.559298}
  - {x: -1.3788364, y: 6.4589233}
  - {x: -5.88551, y: 6.4589233}
  - {x: -0.08136927, y: -9.296053}
  - {x: -2.9242132, y: -9.296053}
  - {x: 0.65610987, y: 6.7258096}
  - {x: -3.6943789, y: 6.7258096}
  - {x: 3.0478206, y: -9.311982}
  - {x: 0.085431896, y: -9.311982}
  - {x: 3.8635933, y: 6.7076244}
  - {x: -0.66983366, y: 6.7076244}
  m_Textures2: []
  m_Textures3: []
  m_Tangents:
  - {x: 1, y: 0, z: 0, w: -1}
  - {x: 1, y: 0, z: 0, w: -1}
  - {x: 1, y: 0, z: 0, w: -1}
  - {x: 1, y: 0, z: 0, w: -1}
  - {x: 1, y: 0, z: 0, w: -1}
  - {x: 1, y: 0, z: 0, w: -1}
  - {x: 1, y: 0, z: 0, w: -1}
  - {x: 1, y: 0, z: 0, w: -1}
  - {x: -1, y: 0, z: 0, w: -1}
  - {x: -1, y: 0, z: 0, w: -1}
  - {x: -1, y: 0, z: 0, w: -1}
  - {x: -1, y: 0, z: 0, w: -1}
  - {x: -1, y: 0, z: 0, w: -1}
  - {x: -1, y: 0, z: 0, w: -1}
  - {x: -1, y: 0, z: 0, w: -1}
  - {x: -1, y: 0, z: 0, w: -1}
  - {x: 0.689998, y: 0.0000000069486106, z: -0.7238113, w: -1}
  - {x: 0.68999815, y: 0, z: -0.72381115, w: -1}
  - {x: 0.68999815, y: 0, z: -0.72381115, w: -1}
  - {x: 0.6899984, y: 0, z: -0.723811, w: -1}
  - {x: 1, y: 1.6964923e-12, z: 0.0001280356, w: -1}
  - {x: 1, y: 0, z: 0.00012809185, w: -1}
  - {x: 1, y: 0, z: 0.00012809185, w: -1}
  - {x: 1, y: 0, z: 0.00012814812, w: -1}
  - {x: 0.7073423, y: 0.000000007005218, z: 0.7068712, w: -1}
  - {x: 0.7073426, y: 0, z: 0.70687085, w: -1}
  - {x: 0.7073426, y: 0, z: 0.70687085, w: -1}
  - {x: 0.7073429, y: 0, z: 0.70687056, w: -1}
  - {x: -0.01819446, y: 0, z: 0.9998345, w: -1}
  - {x: -0.018194435, y: -2.1498535e-10, z: 0.9998345, w: -1}
  - {x: -0.018194435, y: -2.1498535e-10, z: 0.9998345, w: -1}
  - {x: -0.018194411, y: -2.1498535e-10, z: 0.9998345, w: -1}
  - {x: -0.72041583, y: -0.000000003478451, z: 0.6935425, w: -1}
  - {x: -0.7204162, y: -0.0000000034784549, z: 0.693542, w: -1}
  - {x: -0.7204162, y: -0.0000000034784549, z: 0.693542, w: -1}
  - {x: -0.7204166, y: 0, z: 0.6935416, w: -1}
  - {x: 0.012728657, y: 0, z: -0.999919, w: -1}
  - {x: 0.012728401, y: 0, z: -0.999919, w: -1}
  - {x: 0.012728401, y: 0, z: -0.999919, w: -1}
  - {x: 0.012728148, y: 2.1551957e-10, z: -0.999919, w: -1}
  - {x: -0.69866407, y: 0.000000007011178, z: -0.7154499, w: -1}
  - {x: -0.69866395, y: -0.000000007011182, z: -0.71545005, w: -1}
  - {x: -0.69866395, y: -0.000000007011182, z: -0.71545005, w: -1}
  - {x: -0.69866365, y: 0, z: -0.7154503, w: -1}
  - {x: -0.99999565, y: 0, z: 0.0029501438, w: -1}
  - {x: -0.99999565, y: 0, z: 0.0029501512, w: -1}
  - {x: -0.99999565, y: 0, z: 0.0029501512, w: -1}
  - {x: -0.99999565, y: 0, z: 0.0029501587, w: -1}
  m_Colors: []
  m_UnwrapParameters:
    m_HardAngle: 88
    m_PackMargin: 20
    m_AngleError: 8
    m_AreaError: 15
  m_PreserveMeshAssetOnDestroy: 0
  assetGuid: 
  m_Mesh: {fileID: 0}
  m_VersionIndex: 2054
  m_IsSelectable: 1
  m_SelectedFaces: 
  m_SelectedEdges: []
  m_SelectedVertices: 
--- !u!114 &3150341483706790702
MonoBehaviour:
  m_ObjectHideFlags: 0
  m_CorrespondingSourceObject: {fileID: 0}
  m_PrefabInstance: {fileID: 0}
  m_PrefabAsset: {fileID: 0}
  m_GameObject: {fileID: 3150341483706790693}
  m_Enabled: 1
  m_EditorHideFlags: 0
  m_Script: {fileID: 11500000, guid: bb977b126bc1b4f15813dcf9da9bb600, type: 3}
  m_Name: 
  m_EditorClassIdentifier: 
  m_Points:
  - {x: 0, y: 0, z: 0}
  - {x: -3.0071487, y: 0, z: -0.00038528442}
  - {x: -4.9757614, y: 0, z: 2.0646954}
  - {x: -5.013241, y: 0, z: 5.0093594}
  - {x: -3.02705, y: 0, z: 7.043272}
  - {x: -0.06467819, y: 0, z: 7.0345325}
  - {x: 1.9589348, y: 0, z: 5.0864105}
  - {x: 2.0148506, y: 0, z: 2.0135078}
  m_Extrude: 1
  m_EditMode: 0
  m_FlipNormals: 0
  isOnGrid: 1
--- !u!23 &3150341483706790689
MeshRenderer:
  m_ObjectHideFlags: 0
  m_CorrespondingSourceObject: {fileID: 0}
  m_PrefabInstance: {fileID: 0}
  m_PrefabAsset: {fileID: 0}
  m_GameObject: {fileID: 3150341483706790693}
  m_Enabled: 1
  m_CastShadows: 1
  m_ReceiveShadows: 1
  m_DynamicOccludee: 1
  m_StaticShadowCaster: 0
  m_MotionVectors: 1
  m_LightProbeUsage: 1
  m_ReflectionProbeUsage: 1
  m_RayTracingMode: 2
  m_RayTraceProcedural: 0
  m_RenderingLayerMask: 1
  m_RendererPriority: 0
  m_Materials:
  - {fileID: 2100000, guid: 478bfd2a06a662d46af776a3e31feda5, type: 2}
  m_StaticBatchInfo:
    firstSubMesh: 0
    subMeshCount: 0
  m_StaticBatchRoot: {fileID: 0}
  m_ProbeAnchor: {fileID: 0}
  m_LightProbeVolumeOverride: {fileID: 0}
  m_ScaleInLightmap: 1
  m_ReceiveGI: 1
  m_PreserveUVs: 0
  m_IgnoreNormalsForChartDetection: 0
  m_ImportantGI: 0
  m_StitchLightmapSeams: 1
  m_SelectedEditorRenderState: 2
  m_MinimumChartSize: 4
  m_AutoUVMaxDistance: 0.5
  m_AutoUVMaxAngle: 89
  m_LightmapParameters: {fileID: 0}
  m_SortingLayerID: 0
  m_SortingLayer: 0
  m_SortingOrder: 0
  m_AdditionalVertexStreams: {fileID: 0}
--- !u!33 &3150341483706790688
MeshFilter:
  m_ObjectHideFlags: 0
  m_CorrespondingSourceObject: {fileID: 0}
  m_PrefabInstance: {fileID: 0}
  m_PrefabAsset: {fileID: 0}
  m_GameObject: {fileID: 3150341483706790693}
  m_Mesh: {fileID: 0}
--- !u!64 &3150341483706790691
MeshCollider:
  m_ObjectHideFlags: 0
  m_CorrespondingSourceObject: {fileID: 0}
  m_PrefabInstance: {fileID: 0}
  m_PrefabAsset: {fileID: 0}
  m_GameObject: {fileID: 3150341483706790693}
  m_Material: {fileID: 0}
  m_IsTrigger: 0
  m_Enabled: 1
  serializedVersion: 4
  m_Convex: 0
  m_CookingOptions: 30
  m_Mesh: {fileID: 0}
--- !u!1 &5782369342626213890
GameObject:
  m_ObjectHideFlags: 0
  m_CorrespondingSourceObject: {fileID: 0}
  m_PrefabInstance: {fileID: 0}
  m_PrefabAsset: {fileID: 0}
  serializedVersion: 6
  m_Component:
  - component: {fileID: 4424562744220900802}
  m_Layer: 0
  m_Name: Movable Platforms
  m_TagString: Untagged
  m_Icon: {fileID: 0}
  m_NavMeshLayer: 0
  m_StaticEditorFlags: 0
  m_IsActive: 1
--- !u!4 &4424562744220900802
Transform:
  m_ObjectHideFlags: 0
  m_CorrespondingSourceObject: {fileID: 0}
  m_PrefabInstance: {fileID: 0}
  m_PrefabAsset: {fileID: 0}
  m_GameObject: {fileID: 5782369342626213890}
  m_LocalRotation: {x: -0, y: -0, z: -0, w: 1}
  m_LocalPosition: {x: 0, y: 0, z: 0}
  m_LocalScale: {x: 1, y: 1, z: 1}
  m_ConstrainProportionsScale: 0
  m_Children:
  - {fileID: 3150341482995896399}
  - {fileID: 3150341482619039715}
  - {fileID: 3150341483706790690}
  - {fileID: 3150341483193774832}
  m_Father: {fileID: 0}
  m_RootOrder: 0
  m_LocalEulerAnglesHint: {x: 0, y: 0, z: 0}
