%YAML 1.1
%TAG !u! tag:unity3d.com,2011:
--- !u!1 &2791559869215804005
GameObject:
  m_ObjectHideFlags: 0
  m_CorrespondingSourceObject: {fileID: 0}
  m_PrefabInstance: {fileID: 0}
  m_PrefabAsset: {fileID: 0}
  serializedVersion: 6
  m_Component:
  - component: {fileID: 6170279732655217233}
  m_Layer: 0
  m_Name: Staff
  m_TagString: Untagged
  m_Icon: {fileID: 0}
  m_NavMeshLayer: 0
  m_StaticEditorFlags: 0
  m_IsActive: 1
--- !u!4 &6170279732655217233
Transform:
  m_ObjectHideFlags: 0
  m_CorrespondingSourceObject: {fileID: 0}
  m_PrefabInstance: {fileID: 0}
  m_PrefabAsset: {fileID: 0}
  m_GameObject: {fileID: 2791559869215804005}
  m_LocalRotation: {x: 0, y: 0, z: 0, w: 1}
  m_LocalPosition: {x: 0, y: 0, z: 0}
  m_LocalScale: {x: 1, y: 1, z: 1}
  m_ConstrainProportionsScale: 0
  m_Children:
  - {fileID: 6796570094894803892}
  - {fileID: 5415203675795479768}
  m_Father: {fileID: 0}
  m_RootOrder: 0
  m_LocalEulerAnglesHint: {x: 0, y: 0, z: 0}
--- !u!1 &3333770948497544185
GameObject:
  m_ObjectHideFlags: 0
  m_CorrespondingSourceObject: {fileID: 0}
  m_PrefabInstance: {fileID: 0}
  m_PrefabAsset: {fileID: 0}
  serializedVersion: 6
  m_Component:
  - component: {fileID: 5415203675795479768}
  - component: {fileID: 7721170225613333679}
  - component: {fileID: 1874014083095593317}
  - component: {fileID: 9030187294402452633}
  - component: {fileID: 477643136232534398}
  - component: {fileID: 2915672036452737927}
  m_Layer: 0
  m_Name: Sphere
  m_TagString: Untagged
  m_Icon: {fileID: 0}
  m_NavMeshLayer: 0
  m_StaticEditorFlags: 0
  m_IsActive: 1
--- !u!4 &5415203675795479768
Transform:
  m_ObjectHideFlags: 0
  m_CorrespondingSourceObject: {fileID: 0}
  m_PrefabInstance: {fileID: 0}
  m_PrefabAsset: {fileID: 0}
  m_GameObject: {fileID: 3333770948497544185}
  m_LocalRotation: {x: 1.0147673e-17, y: 0.40566653, z: -4.5038057e-18, w: 0.9140212}
  m_LocalPosition: {x: -8.01, y: 1.972, z: 15.376}
  m_LocalScale: {x: 1, y: 1, z: 1}
  m_ConstrainProportionsScale: 0
  m_Children: []
  m_Father: {fileID: 6170279732655217233}
  m_RootOrder: 1
  m_LocalEulerAnglesHint: {x: 0, y: 47.866, z: 0}
--- !u!114 &7721170225613333679
MonoBehaviour:
  m_ObjectHideFlags: 0
  m_CorrespondingSourceObject: {fileID: 0}
  m_PrefabInstance: {fileID: 0}
  m_PrefabAsset: {fileID: 0}
  m_GameObject: {fileID: 3333770948497544185}
  m_Enabled: 1
  m_EditorHideFlags: 0
  m_Script: {fileID: 11500000, guid: 8233d90336aea43098adf6dbabd606a2, type: 3}
  m_Name: 
  m_EditorClassIdentifier: 
  m_MeshFormatVersion: 2
  m_Faces:
  - m_Indexes: 000000000100000002000000
    m_SmoothingGroup: 1
    m_Uv:
      m_UseWorldSpace: 0
      m_FlipU: 0
      m_FlipV: 0
      m_SwapUV: 0
      m_Fill: 1
      m_Scale: {x: 1, y: 1}
      m_Offset: {x: 0, y: 0}
      m_Rotation: 0
      m_Anchor: 9
    m_Material: {fileID: 2100000, guid: 31321ba15b8f8eb4c954353edc038b1d, type: 2}
    m_SubmeshIndex: 0
    m_ManualUV: 0
    elementGroup: 0
    m_TextureGroup: 3
  - m_Indexes: 030000000400000005000000
    m_SmoothingGroup: 1
    m_Uv:
      m_UseWorldSpace: 0
      m_FlipU: 0
      m_FlipV: 0
      m_SwapUV: 0
      m_Fill: 1
      m_Scale: {x: 1, y: 1}
      m_Offset: {x: 0, y: 0}
      m_Rotation: 0
      m_Anchor: 9
    m_Material: {fileID: 2100000, guid: 31321ba15b8f8eb4c954353edc038b1d, type: 2}
    m_SubmeshIndex: 0
    m_ManualUV: 0
    elementGroup: 0
    m_TextureGroup: 5
  - m_Indexes: 060000000700000008000000
    m_SmoothingGroup: 1
    m_Uv:
      m_UseWorldSpace: 0
      m_FlipU: 0
      m_FlipV: 0
      m_SwapUV: 0
      m_Fill: 1
      m_Scale: {x: 1, y: 1}
      m_Offset: {x: 0, y: 0}
      m_Rotation: 0
      m_Anchor: 9
    m_Material: {fileID: 2100000, guid: 31321ba15b8f8eb4c954353edc038b1d, type: 2}
    m_SubmeshIndex: 0
    m_ManualUV: 0
    elementGroup: 0
    m_TextureGroup: 4
  - m_Indexes: 090000000a0000000b000000
    m_SmoothingGroup: 1
    m_Uv:
      m_UseWorldSpace: 0
      m_FlipU: 0
      m_FlipV: 0
      m_SwapUV: 0
      m_Fill: 1
      m_Scale: {x: 1, y: 1}
      m_Offset: {x: 0, y: 0}
      m_Rotation: 0
      m_Anchor: 9
    m_Material: {fileID: 2100000, guid: 31321ba15b8f8eb4c954353edc038b1d, type: 2}
    m_SubmeshIndex: 0
    m_ManualUV: 0
    elementGroup: 0
    m_TextureGroup: 4
  - m_Indexes: 0c0000000d0000000e000000
    m_SmoothingGroup: 1
    m_Uv:
      m_UseWorldSpace: 0
      m_FlipU: 0
      m_FlipV: 0
      m_SwapUV: 0
      m_Fill: 1
      m_Scale: {x: 1, y: 1}
      m_Offset: {x: 0, y: 0}
      m_Rotation: 0
      m_Anchor: 9
    m_Material: {fileID: 2100000, guid: 31321ba15b8f8eb4c954353edc038b1d, type: 2}
    m_SubmeshIndex: 0
    m_ManualUV: 0
    elementGroup: 0
    m_TextureGroup: 3
  - m_Indexes: 0f0000001000000011000000
    m_SmoothingGroup: 1
    m_Uv:
      m_UseWorldSpace: 0
      m_FlipU: 0
      m_FlipV: 0
      m_SwapUV: 0
      m_Fill: 1
      m_Scale: {x: 1, y: 1}
      m_Offset: {x: 0, y: 0}
      m_Rotation: 0
      m_Anchor: 9
    m_Material: {fileID: 2100000, guid: 31321ba15b8f8eb4c954353edc038b1d, type: 2}
    m_SubmeshIndex: 0
    m_ManualUV: 0
    elementGroup: 0
    m_TextureGroup: 3
  - m_Indexes: 120000001300000014000000
    m_SmoothingGroup: 1
    m_Uv:
      m_UseWorldSpace: 0
      m_FlipU: 0
      m_FlipV: 0
      m_SwapUV: 0
      m_Fill: 1
      m_Scale: {x: 1, y: 1}
      m_Offset: {x: 0, y: 0}
      m_Rotation: 0
      m_Anchor: 9
    m_Material: {fileID: 2100000, guid: 31321ba15b8f8eb4c954353edc038b1d, type: 2}
    m_SubmeshIndex: 0
    m_ManualUV: 0
    elementGroup: 0
    m_TextureGroup: 3
  - m_Indexes: 150000001600000017000000
    m_SmoothingGroup: 1
    m_Uv:
      m_UseWorldSpace: 0
      m_FlipU: 0
      m_FlipV: 0
      m_SwapUV: 0
      m_Fill: 1
      m_Scale: {x: 1, y: 1}
      m_Offset: {x: 0, y: 0}
      m_Rotation: 0
      m_Anchor: 9
    m_Material: {fileID: 2100000, guid: 31321ba15b8f8eb4c954353edc038b1d, type: 2}
    m_SubmeshIndex: 0
    m_ManualUV: 0
    elementGroup: 0
    m_TextureGroup: 3
  - m_Indexes: 18000000190000001a000000
    m_SmoothingGroup: 1
    m_Uv:
      m_UseWorldSpace: 0
      m_FlipU: 0
      m_FlipV: 0
      m_SwapUV: 0
      m_Fill: 1
      m_Scale: {x: 1, y: 1}
      m_Offset: {x: 0, y: 0}
      m_Rotation: 0
      m_Anchor: 9
    m_Material: {fileID: 2100000, guid: 31321ba15b8f8eb4c954353edc038b1d, type: 2}
    m_SubmeshIndex: 0
    m_ManualUV: 0
    elementGroup: 0
    m_TextureGroup: 3
  - m_Indexes: 1b0000001c0000001d000000
    m_SmoothingGroup: 1
    m_Uv:
      m_UseWorldSpace: 0
      m_FlipU: 0
      m_FlipV: 0
      m_SwapUV: 0
      m_Fill: 1
      m_Scale: {x: 1, y: 1}
      m_Offset: {x: 0, y: 0}
      m_Rotation: 0
      m_Anchor: 9
    m_Material: {fileID: 2100000, guid: 31321ba15b8f8eb4c954353edc038b1d, type: 2}
    m_SubmeshIndex: 0
    m_ManualUV: 0
    elementGroup: 0
    m_TextureGroup: 3
  - m_Indexes: 1e0000001f00000020000000
    m_SmoothingGroup: 1
    m_Uv:
      m_UseWorldSpace: 0
      m_FlipU: 0
      m_FlipV: 0
      m_SwapUV: 0
      m_Fill: 1
      m_Scale: {x: 1, y: 1}
      m_Offset: {x: 0, y: 0}
      m_Rotation: 0
      m_Anchor: 9
    m_Material: {fileID: 2100000, guid: 31321ba15b8f8eb4c954353edc038b1d, type: 2}
    m_SubmeshIndex: 0
    m_ManualUV: 0
    elementGroup: 0
    m_TextureGroup: 3
  - m_Indexes: 210000002200000023000000
    m_SmoothingGroup: 1
    m_Uv:
      m_UseWorldSpace: 0
      m_FlipU: 0
      m_FlipV: 0
      m_SwapUV: 0
      m_Fill: 1
      m_Scale: {x: 1, y: 1}
      m_Offset: {x: 0, y: 0}
      m_Rotation: 0
      m_Anchor: 9
    m_Material: {fileID: 2100000, guid: 31321ba15b8f8eb4c954353edc038b1d, type: 2}
    m_SubmeshIndex: 0
    m_ManualUV: 0
    elementGroup: 0
    m_TextureGroup: 3
  - m_Indexes: 240000002500000026000000
    m_SmoothingGroup: 1
    m_Uv:
      m_UseWorldSpace: 0
      m_FlipU: 0
      m_FlipV: 0
      m_SwapUV: 0
      m_Fill: 1
      m_Scale: {x: 1, y: 1}
      m_Offset: {x: 0, y: 0}
      m_Rotation: 0
      m_Anchor: 9
    m_Material: {fileID: 2100000, guid: 31321ba15b8f8eb4c954353edc038b1d, type: 2}
    m_SubmeshIndex: 0
    m_ManualUV: 0
    elementGroup: 0
    m_TextureGroup: 3
  - m_Indexes: 270000002800000029000000
    m_SmoothingGroup: 1
    m_Uv:
      m_UseWorldSpace: 0
      m_FlipU: 0
      m_FlipV: 0
      m_SwapUV: 0
      m_Fill: 1
      m_Scale: {x: 1, y: 1}
      m_Offset: {x: 0, y: 0}
      m_Rotation: 0
      m_Anchor: 9
    m_Material: {fileID: 2100000, guid: 31321ba15b8f8eb4c954353edc038b1d, type: 2}
    m_SubmeshIndex: 0
    m_ManualUV: 0
    elementGroup: 0
    m_TextureGroup: 7
  - m_Indexes: 2a0000002b0000002c000000
    m_SmoothingGroup: 1
    m_Uv:
      m_UseWorldSpace: 0
      m_FlipU: 0
      m_FlipV: 0
      m_SwapUV: 0
      m_Fill: 1
      m_Scale: {x: 1, y: 1}
      m_Offset: {x: 0, y: 0}
      m_Rotation: 0
      m_Anchor: 9
    m_Material: {fileID: 2100000, guid: 31321ba15b8f8eb4c954353edc038b1d, type: 2}
    m_SubmeshIndex: 0
    m_ManualUV: 0
    elementGroup: 0
    m_TextureGroup: 7
  - m_Indexes: 2d0000002e0000002f000000
    m_SmoothingGroup: 1
    m_Uv:
      m_UseWorldSpace: 0
      m_FlipU: 0
      m_FlipV: 0
      m_SwapUV: 0
      m_Fill: 1
      m_Scale: {x: 1, y: 1}
      m_Offset: {x: 0, y: 0}
      m_Rotation: 0
      m_Anchor: 9
    m_Material: {fileID: 2100000, guid: 31321ba15b8f8eb4c954353edc038b1d, type: 2}
    m_SubmeshIndex: 0
    m_ManualUV: 0
    elementGroup: 0
    m_TextureGroup: 5
  - m_Indexes: 300000003100000032000000
    m_SmoothingGroup: 1
    m_Uv:
      m_UseWorldSpace: 0
      m_FlipU: 0
      m_FlipV: 0
      m_SwapUV: 0
      m_Fill: 1
      m_Scale: {x: 1, y: 1}
      m_Offset: {x: 0, y: 0}
      m_Rotation: 0
      m_Anchor: 9
    m_Material: {fileID: 2100000, guid: 31321ba15b8f8eb4c954353edc038b1d, type: 2}
    m_SubmeshIndex: 0
    m_ManualUV: 0
    elementGroup: 0
    m_TextureGroup: 5
  - m_Indexes: 330000003400000035000000
    m_SmoothingGroup: 1
    m_Uv:
      m_UseWorldSpace: 0
      m_FlipU: 0
      m_FlipV: 0
      m_SwapUV: 0
      m_Fill: 1
      m_Scale: {x: 1, y: 1}
      m_Offset: {x: 0, y: 0}
      m_Rotation: 0
      m_Anchor: 9
    m_Material: {fileID: 2100000, guid: 31321ba15b8f8eb4c954353edc038b1d, type: 2}
    m_SubmeshIndex: 0
    m_ManualUV: 0
    elementGroup: 0
    m_TextureGroup: 5
  - m_Indexes: 360000003700000038000000
    m_SmoothingGroup: 1
    m_Uv:
      m_UseWorldSpace: 0
      m_FlipU: 0
      m_FlipV: 0
      m_SwapUV: 0
      m_Fill: 1
      m_Scale: {x: 1, y: 1}
      m_Offset: {x: 0, y: 0}
      m_Rotation: 0
      m_Anchor: 9
    m_Material: {fileID: 2100000, guid: 31321ba15b8f8eb4c954353edc038b1d, type: 2}
    m_SubmeshIndex: 0
    m_ManualUV: 0
    elementGroup: 0
    m_TextureGroup: 5
  - m_Indexes: 390000003a0000003b000000
    m_SmoothingGroup: 1
    m_Uv:
      m_UseWorldSpace: 0
      m_FlipU: 0
      m_FlipV: 0
      m_SwapUV: 0
      m_Fill: 1
      m_Scale: {x: 1, y: 1}
      m_Offset: {x: 0, y: 0}
      m_Rotation: 0
      m_Anchor: 9
    m_Material: {fileID: 2100000, guid: 31321ba15b8f8eb4c954353edc038b1d, type: 2}
    m_SubmeshIndex: 0
    m_ManualUV: 0
    elementGroup: 0
    m_TextureGroup: 5
  - m_Indexes: 3c0000003d0000003e000000
    m_SmoothingGroup: 1
    m_Uv:
      m_UseWorldSpace: 0
      m_FlipU: 0
      m_FlipV: 0
      m_SwapUV: 0
      m_Fill: 1
      m_Scale: {x: 1, y: 1}
      m_Offset: {x: 0, y: 0}
      m_Rotation: 0
      m_Anchor: 9
    m_Material: {fileID: 2100000, guid: 31321ba15b8f8eb4c954353edc038b1d, type: 2}
    m_SubmeshIndex: 0
    m_ManualUV: 0
    elementGroup: 0
    m_TextureGroup: 3
  - m_Indexes: 3f0000004000000041000000
    m_SmoothingGroup: 1
    m_Uv:
      m_UseWorldSpace: 0
      m_FlipU: 0
      m_FlipV: 0
      m_SwapUV: 0
      m_Fill: 1
      m_Scale: {x: 1, y: 1}
      m_Offset: {x: 0, y: 0}
      m_Rotation: 0
      m_Anchor: 9
    m_Material: {fileID: 2100000, guid: 31321ba15b8f8eb4c954353edc038b1d, type: 2}
    m_SubmeshIndex: 0
    m_ManualUV: 0
    elementGroup: 0
    m_TextureGroup: 4
  - m_Indexes: 420000004300000044000000
    m_SmoothingGroup: 1
    m_Uv:
      m_UseWorldSpace: 0
      m_FlipU: 0
      m_FlipV: 0
      m_SwapUV: 0
      m_Fill: 1
      m_Scale: {x: 1, y: 1}
      m_Offset: {x: 0, y: 0}
      m_Rotation: 0
      m_Anchor: 9
    m_Material: {fileID: 2100000, guid: 31321ba15b8f8eb4c954353edc038b1d, type: 2}
    m_SubmeshIndex: 0
    m_ManualUV: 0
    elementGroup: 0
    m_TextureGroup: 4
  - m_Indexes: 450000004600000047000000
    m_SmoothingGroup: 1
    m_Uv:
      m_UseWorldSpace: 0
      m_FlipU: 0
      m_FlipV: 0
      m_SwapUV: 0
      m_Fill: 1
      m_Scale: {x: 1, y: 1}
      m_Offset: {x: 0, y: 0}
      m_Rotation: 0
      m_Anchor: 9
    m_Material: {fileID: 2100000, guid: 31321ba15b8f8eb4c954353edc038b1d, type: 2}
    m_SubmeshIndex: 0
    m_ManualUV: 0
    elementGroup: 0
    m_TextureGroup: 2
  - m_Indexes: 48000000490000004a000000
    m_SmoothingGroup: 1
    m_Uv:
      m_UseWorldSpace: 0
      m_FlipU: 0
      m_FlipV: 0
      m_SwapUV: 0
      m_Fill: 1
      m_Scale: {x: 1, y: 1}
      m_Offset: {x: 0, y: 0}
      m_Rotation: 0
      m_Anchor: 9
    m_Material: {fileID: 2100000, guid: 31321ba15b8f8eb4c954353edc038b1d, type: 2}
    m_SubmeshIndex: 0
    m_ManualUV: 0
    elementGroup: 0
    m_TextureGroup: 4
  - m_Indexes: 4b0000004c0000004d000000
    m_SmoothingGroup: 1
    m_Uv:
      m_UseWorldSpace: 0
      m_FlipU: 0
      m_FlipV: 0
      m_SwapUV: 0
      m_Fill: 1
      m_Scale: {x: 1, y: 1}
      m_Offset: {x: 0, y: 0}
      m_Rotation: 0
      m_Anchor: 9
    m_Material: {fileID: 2100000, guid: 31321ba15b8f8eb4c954353edc038b1d, type: 2}
    m_SubmeshIndex: 0
    m_ManualUV: 0
    elementGroup: 0
    m_TextureGroup: 4
  - m_Indexes: 4e0000004f00000050000000
    m_SmoothingGroup: 1
    m_Uv:
      m_UseWorldSpace: 0
      m_FlipU: 0
      m_FlipV: 0
      m_SwapUV: 0
      m_Fill: 1
      m_Scale: {x: 1, y: 1}
      m_Offset: {x: 0, y: 0}
      m_Rotation: 0
      m_Anchor: 9
    m_Material: {fileID: 2100000, guid: 31321ba15b8f8eb4c954353edc038b1d, type: 2}
    m_SubmeshIndex: 0
    m_ManualUV: 0
    elementGroup: 0
    m_TextureGroup: 4
  - m_Indexes: 510000005200000053000000
    m_SmoothingGroup: 1
    m_Uv:
      m_UseWorldSpace: 0
      m_FlipU: 0
      m_FlipV: 0
      m_SwapUV: 0
      m_Fill: 1
      m_Scale: {x: 1, y: 1}
      m_Offset: {x: 0, y: 0}
      m_Rotation: 0
      m_Anchor: 9
    m_Material: {fileID: 2100000, guid: 31321ba15b8f8eb4c954353edc038b1d, type: 2}
    m_SubmeshIndex: 0
    m_ManualUV: 0
    elementGroup: 0
    m_TextureGroup: 4
  - m_Indexes: 540000005500000056000000
    m_SmoothingGroup: 1
    m_Uv:
      m_UseWorldSpace: 0
      m_FlipU: 0
      m_FlipV: 0
      m_SwapUV: 0
      m_Fill: 1
      m_Scale: {x: 1, y: 1}
      m_Offset: {x: 0, y: 0}
      m_Rotation: 0
      m_Anchor: 9
    m_Material: {fileID: 2100000, guid: 31321ba15b8f8eb4c954353edc038b1d, type: 2}
    m_SubmeshIndex: 0
    m_ManualUV: 0
    elementGroup: 0
    m_TextureGroup: 5
  - m_Indexes: 570000005800000059000000
    m_SmoothingGroup: 1
    m_Uv:
      m_UseWorldSpace: 0
      m_FlipU: 0
      m_FlipV: 0
      m_SwapUV: 0
      m_Fill: 1
      m_Scale: {x: 1, y: 1}
      m_Offset: {x: 0, y: 0}
      m_Rotation: 0
      m_Anchor: 9
    m_Material: {fileID: 2100000, guid: 31321ba15b8f8eb4c954353edc038b1d, type: 2}
    m_SubmeshIndex: 0
    m_ManualUV: 0
    elementGroup: 0
    m_TextureGroup: 5
  - m_Indexes: 5a0000005b0000005c000000
    m_SmoothingGroup: 1
    m_Uv:
      m_UseWorldSpace: 0
      m_FlipU: 0
      m_FlipV: 0
      m_SwapUV: 0
      m_Fill: 1
      m_Scale: {x: 1, y: 1}
      m_Offset: {x: 0, y: 0}
      m_Rotation: 0
      m_Anchor: 9
    m_Material: {fileID: 2100000, guid: 31321ba15b8f8eb4c954353edc038b1d, type: 2}
    m_SubmeshIndex: 0
    m_ManualUV: 0
    elementGroup: 0
    m_TextureGroup: 5
  - m_Indexes: 5d0000005e0000005f000000
    m_SmoothingGroup: 1
    m_Uv:
      m_UseWorldSpace: 0
      m_FlipU: 0
      m_FlipV: 0
      m_SwapUV: 0
      m_Fill: 1
      m_Scale: {x: 1, y: 1}
      m_Offset: {x: 0, y: 0}
      m_Rotation: 0
      m_Anchor: 9
    m_Material: {fileID: 2100000, guid: 31321ba15b8f8eb4c954353edc038b1d, type: 2}
    m_SubmeshIndex: 0
    m_ManualUV: 0
    elementGroup: 0
    m_TextureGroup: 5
  - m_Indexes: 600000006100000062000000
    m_SmoothingGroup: 1
    m_Uv:
      m_UseWorldSpace: 0
      m_FlipU: 0
      m_FlipV: 0
      m_SwapUV: 0
      m_Fill: 1
      m_Scale: {x: 1, y: 1}
      m_Offset: {x: 0, y: 0}
      m_Rotation: 0
      m_Anchor: 9
    m_Material: {fileID: 2100000, guid: 31321ba15b8f8eb4c954353edc038b1d, type: 2}
    m_SubmeshIndex: 0
    m_ManualUV: 0
    elementGroup: 0
    m_TextureGroup: 7
  - m_Indexes: 630000006400000065000000
    m_SmoothingGroup: 1
    m_Uv:
      m_UseWorldSpace: 0
      m_FlipU: 0
      m_FlipV: 0
      m_SwapUV: 0
      m_Fill: 1
      m_Scale: {x: 1, y: 1}
      m_Offset: {x: 0, y: 0}
      m_Rotation: 0
      m_Anchor: 9
    m_Material: {fileID: 2100000, guid: 31321ba15b8f8eb4c954353edc038b1d, type: 2}
    m_SubmeshIndex: 0
    m_ManualUV: 0
    elementGroup: 0
    m_TextureGroup: 7
  - m_Indexes: 660000006700000068000000
    m_SmoothingGroup: 1
    m_Uv:
      m_UseWorldSpace: 0
      m_FlipU: 0
      m_FlipV: 0
      m_SwapUV: 0
      m_Fill: 1
      m_Scale: {x: 1, y: 1}
      m_Offset: {x: 0, y: 0}
      m_Rotation: 0
      m_Anchor: 9
    m_Material: {fileID: 2100000, guid: 31321ba15b8f8eb4c954353edc038b1d, type: 2}
    m_SubmeshIndex: 0
    m_ManualUV: 0
    elementGroup: 0
    m_TextureGroup: 7
  - m_Indexes: 690000006a0000006b000000
    m_SmoothingGroup: 1
    m_Uv:
      m_UseWorldSpace: 0
      m_FlipU: 0
      m_FlipV: 0
      m_SwapUV: 0
      m_Fill: 1
      m_Scale: {x: 1, y: 1}
      m_Offset: {x: 0, y: 0}
      m_Rotation: 0
      m_Anchor: 9
    m_Material: {fileID: 2100000, guid: 31321ba15b8f8eb4c954353edc038b1d, type: 2}
    m_SubmeshIndex: 0
    m_ManualUV: 0
    elementGroup: 0
    m_TextureGroup: 7
  - m_Indexes: 6c0000006d0000006e000000
    m_SmoothingGroup: 1
    m_Uv:
      m_UseWorldSpace: 0
      m_FlipU: 0
      m_FlipV: 0
      m_SwapUV: 0
      m_Fill: 1
      m_Scale: {x: 1, y: 1}
      m_Offset: {x: 0, y: 0}
      m_Rotation: 0
      m_Anchor: 9
    m_Material: {fileID: 2100000, guid: 31321ba15b8f8eb4c954353edc038b1d, type: 2}
    m_SubmeshIndex: 0
    m_ManualUV: 0
    elementGroup: 0
    m_TextureGroup: 7
  - m_Indexes: 6f0000007000000071000000
    m_SmoothingGroup: 1
    m_Uv:
      m_UseWorldSpace: 0
      m_FlipU: 0
      m_FlipV: 0
      m_SwapUV: 0
      m_Fill: 1
      m_Scale: {x: 1, y: 1}
      m_Offset: {x: 0, y: 0}
      m_Rotation: 0
      m_Anchor: 9
    m_Material: {fileID: 2100000, guid: 31321ba15b8f8eb4c954353edc038b1d, type: 2}
    m_SubmeshIndex: 0
    m_ManualUV: 0
    elementGroup: 0
    m_TextureGroup: 3
  - m_Indexes: 720000007300000074000000
    m_SmoothingGroup: 1
    m_Uv:
      m_UseWorldSpace: 0
      m_FlipU: 0
      m_FlipV: 0
      m_SwapUV: 0
      m_Fill: 1
      m_Scale: {x: 1, y: 1}
      m_Offset: {x: 0, y: 0}
      m_Rotation: 0
      m_Anchor: 9
    m_Material: {fileID: 2100000, guid: 31321ba15b8f8eb4c954353edc038b1d, type: 2}
    m_SubmeshIndex: 0
    m_ManualUV: 0
    elementGroup: 0
    m_TextureGroup: 7
  - m_Indexes: 750000007600000077000000
    m_SmoothingGroup: 1
    m_Uv:
      m_UseWorldSpace: 0
      m_FlipU: 0
      m_FlipV: 0
      m_SwapUV: 0
      m_Fill: 1
      m_Scale: {x: 1, y: 1}
      m_Offset: {x: 0, y: 0}
      m_Rotation: 0
      m_Anchor: 9
    m_Material: {fileID: 2100000, guid: 31321ba15b8f8eb4c954353edc038b1d, type: 2}
    m_SubmeshIndex: 0
    m_ManualUV: 0
    elementGroup: 0
    m_TextureGroup: 2
  - m_Indexes: 78000000790000007a000000
    m_SmoothingGroup: 1
    m_Uv:
      m_UseWorldSpace: 0
      m_FlipU: 0
      m_FlipV: 0
      m_SwapUV: 0
      m_Fill: 1
      m_Scale: {x: 1, y: 1}
      m_Offset: {x: 0, y: 0}
      m_Rotation: 0
      m_Anchor: 9
    m_Material: {fileID: 2100000, guid: 31321ba15b8f8eb4c954353edc038b1d, type: 2}
    m_SubmeshIndex: 0
    m_ManualUV: 0
    elementGroup: 0
    m_TextureGroup: 6
  - m_Indexes: 7b0000007c0000007d000000
    m_SmoothingGroup: 1
    m_Uv:
      m_UseWorldSpace: 0
      m_FlipU: 0
      m_FlipV: 0
      m_SwapUV: 0
      m_Fill: 1
      m_Scale: {x: 1, y: 1}
      m_Offset: {x: 0, y: 0}
      m_Rotation: 0
      m_Anchor: 9
    m_Material: {fileID: 2100000, guid: 31321ba15b8f8eb4c954353edc038b1d, type: 2}
    m_SubmeshIndex: 0
    m_ManualUV: 0
    elementGroup: 0
    m_TextureGroup: 2
  - m_Indexes: 7e0000007f00000080000000
    m_SmoothingGroup: 1
    m_Uv:
      m_UseWorldSpace: 0
      m_FlipU: 0
      m_FlipV: 0
      m_SwapUV: 0
      m_Fill: 1
      m_Scale: {x: 1, y: 1}
      m_Offset: {x: 0, y: 0}
      m_Rotation: 0
      m_Anchor: 9
    m_Material: {fileID: 2100000, guid: 31321ba15b8f8eb4c954353edc038b1d, type: 2}
    m_SubmeshIndex: 0
    m_ManualUV: 0
    elementGroup: 0
    m_TextureGroup: 4
  - m_Indexes: 810000008200000083000000
    m_SmoothingGroup: 1
    m_Uv:
      m_UseWorldSpace: 0
      m_FlipU: 0
      m_FlipV: 0
      m_SwapUV: 0
      m_Fill: 1
      m_Scale: {x: 1, y: 1}
      m_Offset: {x: 0, y: 0}
      m_Rotation: 0
      m_Anchor: 9
    m_Material: {fileID: 2100000, guid: 31321ba15b8f8eb4c954353edc038b1d, type: 2}
    m_SubmeshIndex: 0
    m_ManualUV: 0
    elementGroup: 0
    m_TextureGroup: 4
  - m_Indexes: 840000008500000086000000
    m_SmoothingGroup: 1
    m_Uv:
      m_UseWorldSpace: 0
      m_FlipU: 0
      m_FlipV: 0
      m_SwapUV: 0
      m_Fill: 1
      m_Scale: {x: 1, y: 1}
      m_Offset: {x: 0, y: 0}
      m_Rotation: 0
      m_Anchor: 9
    m_Material: {fileID: 2100000, guid: 31321ba15b8f8eb4c954353edc038b1d, type: 2}
    m_SubmeshIndex: 0
    m_ManualUV: 0
    elementGroup: 0
    m_TextureGroup: 6
  - m_Indexes: 870000008800000089000000
    m_SmoothingGroup: 1
    m_Uv:
      m_UseWorldSpace: 0
      m_FlipU: 0
      m_FlipV: 0
      m_SwapUV: 0
      m_Fill: 1
      m_Scale: {x: 1, y: 1}
      m_Offset: {x: 0, y: 0}
      m_Rotation: 0
      m_Anchor: 9
    m_Material: {fileID: 2100000, guid: 31321ba15b8f8eb4c954353edc038b1d, type: 2}
    m_SubmeshIndex: 0
    m_ManualUV: 0
    elementGroup: 0
    m_TextureGroup: 6
  - m_Indexes: 8a0000008b0000008c000000
    m_SmoothingGroup: 1
    m_Uv:
      m_UseWorldSpace: 0
      m_FlipU: 0
      m_FlipV: 0
      m_SwapUV: 0
      m_Fill: 1
      m_Scale: {x: 1, y: 1}
      m_Offset: {x: 0, y: 0}
      m_Rotation: 0
      m_Anchor: 9
    m_Material: {fileID: 2100000, guid: 31321ba15b8f8eb4c954353edc038b1d, type: 2}
    m_SubmeshIndex: 0
    m_ManualUV: 0
    elementGroup: 0
    m_TextureGroup: 6
  - m_Indexes: 8d0000008e0000008f000000
    m_SmoothingGroup: 1
    m_Uv:
      m_UseWorldSpace: 0
      m_FlipU: 0
      m_FlipV: 0
      m_SwapUV: 0
      m_Fill: 1
      m_Scale: {x: 1, y: 1}
      m_Offset: {x: 0, y: 0}
      m_Rotation: 0
      m_Anchor: 9
    m_Material: {fileID: 2100000, guid: 31321ba15b8f8eb4c954353edc038b1d, type: 2}
    m_SubmeshIndex: 0
    m_ManualUV: 0
    elementGroup: 0
    m_TextureGroup: 6
  - m_Indexes: 900000009100000092000000
    m_SmoothingGroup: 1
    m_Uv:
      m_UseWorldSpace: 0
      m_FlipU: 0
      m_FlipV: 0
      m_SwapUV: 0
      m_Fill: 1
      m_Scale: {x: 1, y: 1}
      m_Offset: {x: 0, y: 0}
      m_Rotation: 0
      m_Anchor: 9
    m_Material: {fileID: 2100000, guid: 31321ba15b8f8eb4c954353edc038b1d, type: 2}
    m_SubmeshIndex: 0
    m_ManualUV: 0
    elementGroup: 0
    m_TextureGroup: 6
  - m_Indexes: 930000009400000095000000
    m_SmoothingGroup: 1
    m_Uv:
      m_UseWorldSpace: 0
      m_FlipU: 0
      m_FlipV: 0
      m_SwapUV: 0
      m_Fill: 1
      m_Scale: {x: 1, y: 1}
      m_Offset: {x: 0, y: 0}
      m_Rotation: 0
      m_Anchor: 9
    m_Material: {fileID: 2100000, guid: 31321ba15b8f8eb4c954353edc038b1d, type: 2}
    m_SubmeshIndex: 0
    m_ManualUV: 0
    elementGroup: 0
    m_TextureGroup: 6
  - m_Indexes: 960000009700000098000000
    m_SmoothingGroup: 1
    m_Uv:
      m_UseWorldSpace: 0
      m_FlipU: 0
      m_FlipV: 0
      m_SwapUV: 0
      m_Fill: 1
      m_Scale: {x: 1, y: 1}
      m_Offset: {x: 0, y: 0}
      m_Rotation: 0
      m_Anchor: 9
    m_Material: {fileID: 2100000, guid: 31321ba15b8f8eb4c954353edc038b1d, type: 2}
    m_SubmeshIndex: 0
    m_ManualUV: 0
    elementGroup: 0
    m_TextureGroup: 6
  - m_Indexes: 990000009a0000009b000000
    m_SmoothingGroup: 1
    m_Uv:
      m_UseWorldSpace: 0
      m_FlipU: 0
      m_FlipV: 0
      m_SwapUV: 0
      m_Fill: 1
      m_Scale: {x: 1, y: 1}
      m_Offset: {x: 0, y: 0}
      m_Rotation: 0
      m_Anchor: 9
    m_Material: {fileID: 2100000, guid: 31321ba15b8f8eb4c954353edc038b1d, type: 2}
    m_SubmeshIndex: 0
    m_ManualUV: 0
    elementGroup: 0
    m_TextureGroup: 6
  - m_Indexes: 9c0000009d0000009e000000
    m_SmoothingGroup: 1
    m_Uv:
      m_UseWorldSpace: 0
      m_FlipU: 0
      m_FlipV: 0
      m_SwapUV: 0
      m_Fill: 1
      m_Scale: {x: 1, y: 1}
      m_Offset: {x: 0, y: 0}
      m_Rotation: 0
      m_Anchor: 9
    m_Material: {fileID: 2100000, guid: 31321ba15b8f8eb4c954353edc038b1d, type: 2}
    m_SubmeshIndex: 0
    m_ManualUV: 0
    elementGroup: 0
    m_TextureGroup: 6
  - m_Indexes: 9f000000a0000000a1000000
    m_SmoothingGroup: 1
    m_Uv:
      m_UseWorldSpace: 0
      m_FlipU: 0
      m_FlipV: 0
      m_SwapUV: 0
      m_Fill: 1
      m_Scale: {x: 1, y: 1}
      m_Offset: {x: 0, y: 0}
      m_Rotation: 0
      m_Anchor: 9
    m_Material: {fileID: 2100000, guid: 31321ba15b8f8eb4c954353edc038b1d, type: 2}
    m_SubmeshIndex: 0
    m_ManualUV: 0
    elementGroup: 0
    m_TextureGroup: 7
  - m_Indexes: a2000000a3000000a4000000
    m_SmoothingGroup: 1
    m_Uv:
      m_UseWorldSpace: 0
      m_FlipU: 0
      m_FlipV: 0
      m_SwapUV: 0
      m_Fill: 1
      m_Scale: {x: 1, y: 1}
      m_Offset: {x: 0, y: 0}
      m_Rotation: 0
      m_Anchor: 9
    m_Material: {fileID: 2100000, guid: 31321ba15b8f8eb4c954353edc038b1d, type: 2}
    m_SubmeshIndex: 0
    m_ManualUV: 0
    elementGroup: 0
    m_TextureGroup: 7
  - m_Indexes: a5000000a6000000a7000000
    m_SmoothingGroup: 1
    m_Uv:
      m_UseWorldSpace: 0
      m_FlipU: 0
      m_FlipV: 0
      m_SwapUV: 0
      m_Fill: 1
      m_Scale: {x: 1, y: 1}
      m_Offset: {x: 0, y: 0}
      m_Rotation: 0
      m_Anchor: 9
    m_Material: {fileID: 2100000, guid: 31321ba15b8f8eb4c954353edc038b1d, type: 2}
    m_SubmeshIndex: 0
    m_ManualUV: 0
    elementGroup: 0
    m_TextureGroup: 2
  - m_Indexes: a8000000a9000000aa000000
    m_SmoothingGroup: 1
    m_Uv:
      m_UseWorldSpace: 0
      m_FlipU: 0
      m_FlipV: 0
      m_SwapUV: 0
      m_Fill: 1
      m_Scale: {x: 1, y: 1}
      m_Offset: {x: 0, y: 0}
      m_Rotation: 0
      m_Anchor: 9
    m_Material: {fileID: 2100000, guid: 31321ba15b8f8eb4c954353edc038b1d, type: 2}
    m_SubmeshIndex: 0
    m_ManualUV: 0
    elementGroup: 0
    m_TextureGroup: 2
  - m_Indexes: ab000000ac000000ad000000
    m_SmoothingGroup: 1
    m_Uv:
      m_UseWorldSpace: 0
      m_FlipU: 0
      m_FlipV: 0
      m_SwapUV: 0
      m_Fill: 1
      m_Scale: {x: 1, y: 1}
      m_Offset: {x: 0, y: 0}
      m_Rotation: 0
      m_Anchor: 9
    m_Material: {fileID: 2100000, guid: 31321ba15b8f8eb4c954353edc038b1d, type: 2}
    m_SubmeshIndex: 0
    m_ManualUV: 0
    elementGroup: 0
    m_TextureGroup: 2
  - m_Indexes: ae000000af000000b0000000
    m_SmoothingGroup: 1
    m_Uv:
      m_UseWorldSpace: 0
      m_FlipU: 0
      m_FlipV: 0
      m_SwapUV: 0
      m_Fill: 1
      m_Scale: {x: 1, y: 1}
      m_Offset: {x: 0, y: 0}
      m_Rotation: 0
      m_Anchor: 9
    m_Material: {fileID: 2100000, guid: 31321ba15b8f8eb4c954353edc038b1d, type: 2}
    m_SubmeshIndex: 0
    m_ManualUV: 0
    elementGroup: 0
    m_TextureGroup: 2
  - m_Indexes: b1000000b2000000b3000000
    m_SmoothingGroup: 1
    m_Uv:
      m_UseWorldSpace: 0
      m_FlipU: 0
      m_FlipV: 0
      m_SwapUV: 0
      m_Fill: 1
      m_Scale: {x: 1, y: 1}
      m_Offset: {x: 0, y: 0}
      m_Rotation: 0
      m_Anchor: 9
    m_Material: {fileID: 2100000, guid: 31321ba15b8f8eb4c954353edc038b1d, type: 2}
    m_SubmeshIndex: 0
    m_ManualUV: 0
    elementGroup: 0
    m_TextureGroup: 2
  - m_Indexes: b4000000b5000000b6000000
    m_SmoothingGroup: 1
    m_Uv:
      m_UseWorldSpace: 0
      m_FlipU: 0
      m_FlipV: 0
      m_SwapUV: 0
      m_Fill: 1
      m_Scale: {x: 1, y: 1}
      m_Offset: {x: 0, y: 0}
      m_Rotation: 0
      m_Anchor: 9
    m_Material: {fileID: 2100000, guid: 31321ba15b8f8eb4c954353edc038b1d, type: 2}
    m_SubmeshIndex: 0
    m_ManualUV: 0
    elementGroup: 0
    m_TextureGroup: 4
  - m_Indexes: b7000000b8000000b9000000
    m_SmoothingGroup: 1
    m_Uv:
      m_UseWorldSpace: 0
      m_FlipU: 0
      m_FlipV: 0
      m_SwapUV: 0
      m_Fill: 1
      m_Scale: {x: 1, y: 1}
      m_Offset: {x: 0, y: 0}
      m_Rotation: 0
      m_Anchor: 9
    m_Material: {fileID: 2100000, guid: 31321ba15b8f8eb4c954353edc038b1d, type: 2}
    m_SubmeshIndex: 0
    m_ManualUV: 0
    elementGroup: 0
    m_TextureGroup: 4
  - m_Indexes: ba000000bb000000bc000000
    m_SmoothingGroup: 1
    m_Uv:
      m_UseWorldSpace: 0
      m_FlipU: 0
      m_FlipV: 0
      m_SwapUV: 0
      m_Fill: 1
      m_Scale: {x: 1, y: 1}
      m_Offset: {x: 0, y: 0}
      m_Rotation: 0
      m_Anchor: 9
    m_Material: {fileID: 2100000, guid: 31321ba15b8f8eb4c954353edc038b1d, type: 2}
    m_SubmeshIndex: 0
    m_ManualUV: 0
    elementGroup: 0
    m_TextureGroup: 4
  - m_Indexes: bd000000be000000bf000000
    m_SmoothingGroup: 1
    m_Uv:
      m_UseWorldSpace: 0
      m_FlipU: 0
      m_FlipV: 0
      m_SwapUV: 0
      m_Fill: 1
      m_Scale: {x: 1, y: 1}
      m_Offset: {x: 0, y: 0}
      m_Rotation: 0
      m_Anchor: 9
    m_Material: {fileID: 2100000, guid: 31321ba15b8f8eb4c954353edc038b1d, type: 2}
    m_SubmeshIndex: 0
    m_ManualUV: 0
    elementGroup: 0
    m_TextureGroup: 4
  - m_Indexes: c0000000c1000000c2000000
    m_SmoothingGroup: 1
    m_Uv:
      m_UseWorldSpace: 0
      m_FlipU: 0
      m_FlipV: 0
      m_SwapUV: 0
      m_Fill: 1
      m_Scale: {x: 1, y: 1}
      m_Offset: {x: 0, y: 0}
      m_Rotation: 0
      m_Anchor: 9
    m_Material: {fileID: 2100000, guid: 31321ba15b8f8eb4c954353edc038b1d, type: 2}
    m_SubmeshIndex: 0
    m_ManualUV: 0
    elementGroup: 0
    m_TextureGroup: 6
  - m_Indexes: c3000000c4000000c5000000
    m_SmoothingGroup: 1
    m_Uv:
      m_UseWorldSpace: 0
      m_FlipU: 0
      m_FlipV: 0
      m_SwapUV: 0
      m_Fill: 1
      m_Scale: {x: 1, y: 1}
      m_Offset: {x: 0, y: 0}
      m_Rotation: 0
      m_Anchor: 9
    m_Material: {fileID: 2100000, guid: 31321ba15b8f8eb4c954353edc038b1d, type: 2}
    m_SubmeshIndex: 0
    m_ManualUV: 0
    elementGroup: 0
    m_TextureGroup: 4
  - m_Indexes: c6000000c7000000c8000000
    m_SmoothingGroup: 1
    m_Uv:
      m_UseWorldSpace: 0
      m_FlipU: 0
      m_FlipV: 0
      m_SwapUV: 0
      m_Fill: 1
      m_Scale: {x: 1, y: 1}
      m_Offset: {x: 0, y: 0}
      m_Rotation: 0
      m_Anchor: 9
    m_Material: {fileID: 2100000, guid: 31321ba15b8f8eb4c954353edc038b1d, type: 2}
    m_SubmeshIndex: 0
    m_ManualUV: 0
    elementGroup: 0
    m_TextureGroup: 4
  - m_Indexes: c9000000ca000000cb000000
    m_SmoothingGroup: 1
    m_Uv:
      m_UseWorldSpace: 0
      m_FlipU: 0
      m_FlipV: 0
      m_SwapUV: 0
      m_Fill: 1
      m_Scale: {x: 1, y: 1}
      m_Offset: {x: 0, y: 0}
      m_Rotation: 0
      m_Anchor: 9
    m_Material: {fileID: 2100000, guid: 31321ba15b8f8eb4c954353edc038b1d, type: 2}
    m_SubmeshIndex: 0
    m_ManualUV: 0
    elementGroup: 0
    m_TextureGroup: 5
  - m_Indexes: cc000000cd000000ce000000
    m_SmoothingGroup: 1
    m_Uv:
      m_UseWorldSpace: 0
      m_FlipU: 0
      m_FlipV: 0
      m_SwapUV: 0
      m_Fill: 1
      m_Scale: {x: 1, y: 1}
      m_Offset: {x: 0, y: 0}
      m_Rotation: 0
      m_Anchor: 9
    m_Material: {fileID: 2100000, guid: 31321ba15b8f8eb4c954353edc038b1d, type: 2}
    m_SubmeshIndex: 0
    m_ManualUV: 0
    elementGroup: 0
    m_TextureGroup: 7
  - m_Indexes: cf000000d0000000d1000000
    m_SmoothingGroup: 1
    m_Uv:
      m_UseWorldSpace: 0
      m_FlipU: 0
      m_FlipV: 0
      m_SwapUV: 0
      m_Fill: 1
      m_Scale: {x: 1, y: 1}
      m_Offset: {x: 0, y: 0}
      m_Rotation: 0
      m_Anchor: 9
    m_Material: {fileID: 2100000, guid: 31321ba15b8f8eb4c954353edc038b1d, type: 2}
    m_SubmeshIndex: 0
    m_ManualUV: 0
    elementGroup: 0
    m_TextureGroup: 6
  - m_Indexes: d2000000d3000000d4000000
    m_SmoothingGroup: 1
    m_Uv:
      m_UseWorldSpace: 0
      m_FlipU: 0
      m_FlipV: 0
      m_SwapUV: 0
      m_Fill: 1
      m_Scale: {x: 1, y: 1}
      m_Offset: {x: 0, y: 0}
      m_Rotation: 0
      m_Anchor: 9
    m_Material: {fileID: 2100000, guid: 31321ba15b8f8eb4c954353edc038b1d, type: 2}
    m_SubmeshIndex: 0
    m_ManualUV: 0
    elementGroup: 0
    m_TextureGroup: 7
  - m_Indexes: d5000000d6000000d7000000
    m_SmoothingGroup: 1
    m_Uv:
      m_UseWorldSpace: 0
      m_FlipU: 0
      m_FlipV: 0
      m_SwapUV: 0
      m_Fill: 1
      m_Scale: {x: 1, y: 1}
      m_Offset: {x: 0, y: 0}
      m_Rotation: 0
      m_Anchor: 9
    m_Material: {fileID: 2100000, guid: 31321ba15b8f8eb4c954353edc038b1d, type: 2}
    m_SubmeshIndex: 0
    m_ManualUV: 0
    elementGroup: 0
    m_TextureGroup: 5
  - m_Indexes: d8000000d9000000da000000
    m_SmoothingGroup: 1
    m_Uv:
      m_UseWorldSpace: 0
      m_FlipU: 0
      m_FlipV: 0
      m_SwapUV: 0
      m_Fill: 1
      m_Scale: {x: 1, y: 1}
      m_Offset: {x: 0, y: 0}
      m_Rotation: 0
      m_Anchor: 9
    m_Material: {fileID: 2100000, guid: 31321ba15b8f8eb4c954353edc038b1d, type: 2}
    m_SubmeshIndex: 0
    m_ManualUV: 0
    elementGroup: 0
    m_TextureGroup: 7
  - m_Indexes: db000000dc000000dd000000
    m_SmoothingGroup: 1
    m_Uv:
      m_UseWorldSpace: 0
      m_FlipU: 0
      m_FlipV: 0
      m_SwapUV: 0
      m_Fill: 1
      m_Scale: {x: 1, y: 1}
      m_Offset: {x: 0, y: 0}
      m_Rotation: 0
      m_Anchor: 9
    m_Material: {fileID: 2100000, guid: 31321ba15b8f8eb4c954353edc038b1d, type: 2}
    m_SubmeshIndex: 0
    m_ManualUV: 0
    elementGroup: 0
    m_TextureGroup: 7
  - m_Indexes: de000000df000000e0000000
    m_SmoothingGroup: 1
    m_Uv:
      m_UseWorldSpace: 0
      m_FlipU: 0
      m_FlipV: 0
      m_SwapUV: 0
      m_Fill: 1
      m_Scale: {x: 1, y: 1}
      m_Offset: {x: 0, y: 0}
      m_Rotation: 0
      m_Anchor: 9
    m_Material: {fileID: 2100000, guid: 31321ba15b8f8eb4c954353edc038b1d, type: 2}
    m_SubmeshIndex: 0
    m_ManualUV: 0
    elementGroup: 0
    m_TextureGroup: 7
  - m_Indexes: e1000000e2000000e3000000
    m_SmoothingGroup: 1
    m_Uv:
      m_UseWorldSpace: 0
      m_FlipU: 0
      m_FlipV: 0
      m_SwapUV: 0
      m_Fill: 1
      m_Scale: {x: 1, y: 1}
      m_Offset: {x: 0, y: 0}
      m_Rotation: 0
      m_Anchor: 9
    m_Material: {fileID: 2100000, guid: 31321ba15b8f8eb4c954353edc038b1d, type: 2}
    m_SubmeshIndex: 0
    m_ManualUV: 0
    elementGroup: 0
    m_TextureGroup: 7
  - m_Indexes: e4000000e5000000e6000000
    m_SmoothingGroup: 1
    m_Uv:
      m_UseWorldSpace: 0
      m_FlipU: 0
      m_FlipV: 0
      m_SwapUV: 0
      m_Fill: 1
      m_Scale: {x: 1, y: 1}
      m_Offset: {x: 0, y: 0}
      m_Rotation: 0
      m_Anchor: 9
    m_Material: {fileID: 2100000, guid: 31321ba15b8f8eb4c954353edc038b1d, type: 2}
    m_SubmeshIndex: 0
    m_ManualUV: 0
    elementGroup: 0
    m_TextureGroup: 2
  - m_Indexes: e7000000e8000000e9000000
    m_SmoothingGroup: 1
    m_Uv:
      m_UseWorldSpace: 0
      m_FlipU: 0
      m_FlipV: 0
      m_SwapUV: 0
      m_Fill: 1
      m_Scale: {x: 1, y: 1}
      m_Offset: {x: 0, y: 0}
      m_Rotation: 0
      m_Anchor: 9
    m_Material: {fileID: 2100000, guid: 31321ba15b8f8eb4c954353edc038b1d, type: 2}
    m_SubmeshIndex: 0
    m_ManualUV: 0
    elementGroup: 0
    m_TextureGroup: 2
  - m_Indexes: ea000000eb000000ec000000
    m_SmoothingGroup: 1
    m_Uv:
      m_UseWorldSpace: 0
      m_FlipU: 0
      m_FlipV: 0
      m_SwapUV: 0
      m_Fill: 1
      m_Scale: {x: 1, y: 1}
      m_Offset: {x: 0, y: 0}
      m_Rotation: 0
      m_Anchor: 9
    m_Material: {fileID: 2100000, guid: 31321ba15b8f8eb4c954353edc038b1d, type: 2}
    m_SubmeshIndex: 0
    m_ManualUV: 0
    elementGroup: 0
    m_TextureGroup: 2
  - m_Indexes: ed000000ee000000ef000000
    m_SmoothingGroup: 1
    m_Uv:
      m_UseWorldSpace: 0
      m_FlipU: 0
      m_FlipV: 0
      m_SwapUV: 0
      m_Fill: 1
      m_Scale: {x: 1, y: 1}
      m_Offset: {x: 0, y: 0}
      m_Rotation: 0
      m_Anchor: 9
    m_Material: {fileID: 2100000, guid: 31321ba15b8f8eb4c954353edc038b1d, type: 2}
    m_SubmeshIndex: 0
    m_ManualUV: 0
    elementGroup: 0
    m_TextureGroup: 2
  m_SharedVertices:
  - m_Vertices: 000000000c000000180000002400000030000000
  - m_Vertices: 010000000300000006000000320000003800000039000000
  - m_Vertices: 0200000008000000090000000d0000000f00000012000000
  - m_Vertices: 040000003b0000004c00000054000000cb000000
  - m_Vertices: 05000000070000000a000000490000004b0000004e000000
  - m_Vertices: 0b000000100000004000000048000000bf000000
  - m_Vertices: 0e0000001400000015000000190000001b0000001e000000
  - m_Vertices: 1100000013000000160000003d0000003f00000042000000
  - m_Vertices: 170000001c0000003c00000070000000ef000000
  - m_Vertices: 1a000000200000002100000025000000270000002a000000
  - m_Vertices: 1d0000001f000000220000006d0000006f00000072000000
  - m_Vertices: 2300000028000000640000006c000000e3000000
  - m_Vertices: 260000002c0000002d000000310000003300000036000000
  - m_Vertices: 290000002b0000002e000000610000006300000066000000
  - m_Vertices: 2f000000340000005800000060000000d7000000
  - m_Vertices: 35000000370000003a00000055000000570000005a000000
  - m_Vertices: 3e0000004400000045000000e6000000ec000000ed000000
  - m_Vertices: 410000004300000046000000b9000000bb000000be000000
  - m_Vertices: 470000007c000000b3000000b8000000e4000000
  - m_Vertices: 4a0000005000000051000000b6000000bc000000bd000000
  - m_Vertices: 4d0000004f00000052000000c5000000c7000000ca000000
  - m_Vertices: 530000008300000088000000b4000000c4000000
  - m_Vertices: 560000005c0000005d000000c2000000c8000000c9000000
  - m_Vertices: 590000005b0000005e000000d1000000d3000000d6000000
  - m_Vertices: 5f0000008f00000094000000c0000000d0000000
  - m_Vertices: 620000006800000069000000ce000000d4000000d5000000
  - m_Vertices: 65000000670000006a000000dd000000df000000e2000000
  - m_Vertices: 6b0000009b000000a0000000cc000000dc000000
  - m_Vertices: 6e0000007400000075000000da000000e0000000e1000000
  - m_Vertices: 710000007300000076000000e9000000eb000000ee000000
  - m_Vertices: 77000000a7000000ac000000d8000000e8000000
  - m_Vertices: 7800000084000000900000009c000000a8000000
  - m_Vertices: 790000007b0000007e000000aa000000b0000000b1000000
  - m_Vertices: 7a000000800000008100000085000000870000008a000000
  - m_Vertices: 7d0000007f00000082000000b5000000b7000000ba000000
  - m_Vertices: 860000008c0000008d000000910000009300000096000000
  - m_Vertices: 890000008b0000008e000000c1000000c3000000c6000000
  - m_Vertices: 9200000098000000990000009d0000009f000000a2000000
  - m_Vertices: 95000000970000009a000000cd000000cf000000d2000000
  - m_Vertices: 9e000000a4000000a5000000a9000000ab000000ae000000
  - m_Vertices: a1000000a3000000a6000000d9000000db000000de000000
  - m_Vertices: ad000000af000000b2000000e5000000e7000000ea000000
  m_SharedTextures: []
  m_Positions:
  - {x: -0.45790717, y: 0.37580836, z: -0.75202084}
  - {x: -0.50040007, y: 0.28814566, z: -0.70566833}
  - {x: -0.42540005, y: 0.3653999, z: -0.67702085}
  - {x: -0.50040007, y: 0.28814566, z: -0.70566833}
  - {x: -0.50664514, y: 0.16314566, z: -0.67316115}
  - {x: -0.4540475, y: 0.2403999, z: -0.6306683}
  - {x: -0.50040007, y: 0.28814566, z: -0.70566833}
  - {x: -0.4540475, y: 0.2403999, z: -0.6306683}
  - {x: -0.42540005, y: 0.3653999, z: -0.67702085}
  - {x: -0.42540005, y: 0.3653999, z: -0.67702085}
  - {x: -0.4540475, y: 0.2403999, z: -0.6306683}
  - {x: -0.3790475, y: 0.29457843, z: -0.6244232}
  - {x: -0.45790717, y: 0.37580836, z: -0.75202084}
  - {x: -0.42540005, y: 0.3653999, z: -0.67702085}
  - {x: -0.3790475, y: 0.41314566, z: -0.75202084}
  - {x: -0.42540005, y: 0.3653999, z: -0.67702085}
  - {x: -0.3790475, y: 0.29457843, z: -0.6244232}
  - {x: -0.33269498, y: 0.3653999, z: -0.67702085}
  - {x: -0.42540005, y: 0.3653999, z: -0.67702085}
  - {x: -0.33269498, y: 0.3653999, z: -0.67702085}
  - {x: -0.3790475, y: 0.41314566, z: -0.75202084}
  - {x: -0.3790475, y: 0.41314566, z: -0.75202084}
  - {x: -0.33269498, y: 0.3653999, z: -0.67702085}
  - {x: -0.30018786, y: 0.37580836, z: -0.75202084}
  - {x: -0.45790717, y: 0.37580836, z: -0.75202084}
  - {x: -0.3790475, y: 0.41314566, z: -0.75202084}
  - {x: -0.42540005, y: 0.3653999, z: -0.8270208}
  - {x: -0.3790475, y: 0.41314566, z: -0.75202084}
  - {x: -0.30018786, y: 0.37580836, z: -0.75202084}
  - {x: -0.33269498, y: 0.3653999, z: -0.8270208}
  - {x: -0.3790475, y: 0.41314566, z: -0.75202084}
  - {x: -0.33269498, y: 0.3653999, z: -0.8270208}
  - {x: -0.42540005, y: 0.3653999, z: -0.8270208}
  - {x: -0.42540005, y: 0.3653999, z: -0.8270208}
  - {x: -0.33269498, y: 0.3653999, z: -0.8270208}
  - {x: -0.3790475, y: 0.29457843, z: -0.87961847}
  - {x: -0.45790717, y: 0.37580836, z: -0.75202084}
  - {x: -0.42540005, y: 0.3653999, z: -0.8270208}
  - {x: -0.50040007, y: 0.28814566, z: -0.7983734}
  - {x: -0.42540005, y: 0.3653999, z: -0.8270208}
  - {x: -0.3790475, y: 0.29457843, z: -0.87961847}
  - {x: -0.4540475, y: 0.2403999, z: -0.87337345}
  - {x: -0.42540005, y: 0.3653999, z: -0.8270208}
  - {x: -0.4540475, y: 0.2403999, z: -0.87337345}
  - {x: -0.50040007, y: 0.28814566, z: -0.7983734}
  - {x: -0.50040007, y: 0.28814566, z: -0.7983734}
  - {x: -0.4540475, y: 0.2403999, z: -0.87337345}
  - {x: -0.50664514, y: 0.16314566, z: -0.8308805}
  - {x: -0.45790717, y: 0.37580836, z: -0.75202084}
  - {x: -0.50040007, y: 0.28814566, z: -0.7983734}
  - {x: -0.50040007, y: 0.28814566, z: -0.70566833}
  - {x: -0.50040007, y: 0.28814566, z: -0.7983734}
  - {x: -0.50664514, y: 0.16314566, z: -0.8308805}
  - {x: -0.5290475, y: 0.16314566, z: -0.75202084}
  - {x: -0.50040007, y: 0.28814566, z: -0.7983734}
  - {x: -0.5290475, y: 0.16314566, z: -0.75202084}
  - {x: -0.50040007, y: 0.28814566, z: -0.70566833}
  - {x: -0.50040007, y: 0.28814566, z: -0.70566833}
  - {x: -0.5290475, y: 0.16314566, z: -0.75202084}
  - {x: -0.50664514, y: 0.16314566, z: -0.67316115}
  - {x: -0.30018786, y: 0.37580836, z: -0.75202084}
  - {x: -0.33269498, y: 0.3653999, z: -0.67702085}
  - {x: -0.25769496, y: 0.28814566, z: -0.70566833}
  - {x: -0.33269498, y: 0.3653999, z: -0.67702085}
  - {x: -0.3790475, y: 0.29457843, z: -0.6244232}
  - {x: -0.30404752, y: 0.2403999, z: -0.6306683}
  - {x: -0.33269498, y: 0.3653999, z: -0.67702085}
  - {x: -0.30404752, y: 0.2403999, z: -0.6306683}
  - {x: -0.25769496, y: 0.28814566, z: -0.70566833}
  - {x: -0.25769496, y: 0.28814566, z: -0.70566833}
  - {x: -0.30404752, y: 0.2403999, z: -0.6306683}
  - {x: -0.25144988, y: 0.16314566, z: -0.67316115}
  - {x: -0.3790475, y: 0.29457843, z: -0.6244232}
  - {x: -0.4540475, y: 0.2403999, z: -0.6306683}
  - {x: -0.3790475, y: 0.16314566, z: -0.60202086}
  - {x: -0.4540475, y: 0.2403999, z: -0.6306683}
  - {x: -0.50664514, y: 0.16314566, z: -0.67316115}
  - {x: -0.4540475, y: 0.08589142, z: -0.6306683}
  - {x: -0.4540475, y: 0.2403999, z: -0.6306683}
  - {x: -0.4540475, y: 0.08589142, z: -0.6306683}
  - {x: -0.3790475, y: 0.16314566, z: -0.60202086}
  - {x: -0.3790475, y: 0.16314566, z: -0.60202086}
  - {x: -0.4540475, y: 0.08589142, z: -0.6306683}
  - {x: -0.3790475, y: 0.03171289, z: -0.6244232}
  - {x: -0.50664514, y: 0.16314566, z: -0.67316115}
  - {x: -0.5290475, y: 0.16314566, z: -0.75202084}
  - {x: -0.50040007, y: 0.03814566, z: -0.70566833}
  - {x: -0.5290475, y: 0.16314566, z: -0.75202084}
  - {x: -0.50664514, y: 0.16314566, z: -0.8308805}
  - {x: -0.50040007, y: 0.03814566, z: -0.7983734}
  - {x: -0.5290475, y: 0.16314566, z: -0.75202084}
  - {x: -0.50040007, y: 0.03814566, z: -0.7983734}
  - {x: -0.50040007, y: 0.03814566, z: -0.70566833}
  - {x: -0.50040007, y: 0.03814566, z: -0.70566833}
  - {x: -0.50040007, y: 0.03814566, z: -0.7983734}
  - {x: -0.45790717, y: -0.049517035, z: -0.75202084}
  - {x: -0.50664514, y: 0.16314566, z: -0.8308805}
  - {x: -0.4540475, y: 0.2403999, z: -0.87337345}
  - {x: -0.4540475, y: 0.08589142, z: -0.87337345}
  - {x: -0.4540475, y: 0.2403999, z: -0.87337345}
  - {x: -0.3790475, y: 0.29457843, z: -0.87961847}
  - {x: -0.3790475, y: 0.16314566, z: -0.9020209}
  - {x: -0.4540475, y: 0.2403999, z: -0.87337345}
  - {x: -0.3790475, y: 0.16314566, z: -0.9020209}
  - {x: -0.4540475, y: 0.08589142, z: -0.87337345}
  - {x: -0.4540475, y: 0.08589142, z: -0.87337345}
  - {x: -0.3790475, y: 0.16314566, z: -0.9020209}
  - {x: -0.3790475, y: 0.03171289, z: -0.87961847}
  - {x: -0.3790475, y: 0.29457843, z: -0.87961847}
  - {x: -0.33269498, y: 0.3653999, z: -0.8270208}
  - {x: -0.30404752, y: 0.2403999, z: -0.87337345}
  - {x: -0.33269498, y: 0.3653999, z: -0.8270208}
  - {x: -0.30018786, y: 0.37580836, z: -0.75202084}
  - {x: -0.25769496, y: 0.28814566, z: -0.7983734}
  - {x: -0.33269498, y: 0.3653999, z: -0.8270208}
  - {x: -0.25769496, y: 0.28814566, z: -0.7983734}
  - {x: -0.30404752, y: 0.2403999, z: -0.87337345}
  - {x: -0.30404752, y: 0.2403999, z: -0.87337345}
  - {x: -0.25769496, y: 0.28814566, z: -0.7983734}
  - {x: -0.25144988, y: 0.16314566, z: -0.8308805}
  - {x: -0.30018786, y: -0.049517035, z: -0.75202084}
  - {x: -0.25769496, y: 0.03814566, z: -0.70566833}
  - {x: -0.33269498, y: -0.03910859, z: -0.67702085}
  - {x: -0.25769496, y: 0.03814566, z: -0.70566833}
  - {x: -0.25144988, y: 0.16314566, z: -0.67316115}
  - {x: -0.30404752, y: 0.08589142, z: -0.6306683}
  - {x: -0.25769496, y: 0.03814566, z: -0.70566833}
  - {x: -0.30404752, y: 0.08589142, z: -0.6306683}
  - {x: -0.33269498, y: -0.03910859, z: -0.67702085}
  - {x: -0.33269498, y: -0.03910859, z: -0.67702085}
  - {x: -0.30404752, y: 0.08589142, z: -0.6306683}
  - {x: -0.3790475, y: 0.03171289, z: -0.6244232}
  - {x: -0.30018786, y: -0.049517035, z: -0.75202084}
  - {x: -0.33269498, y: -0.03910859, z: -0.67702085}
  - {x: -0.3790475, y: -0.08685434, z: -0.75202084}
  - {x: -0.33269498, y: -0.03910859, z: -0.67702085}
  - {x: -0.3790475, y: 0.03171289, z: -0.6244232}
  - {x: -0.42540005, y: -0.03910859, z: -0.67702085}
  - {x: -0.33269498, y: -0.03910859, z: -0.67702085}
  - {x: -0.42540005, y: -0.03910859, z: -0.67702085}
  - {x: -0.3790475, y: -0.08685434, z: -0.75202084}
  - {x: -0.3790475, y: -0.08685434, z: -0.75202084}
  - {x: -0.42540005, y: -0.03910859, z: -0.67702085}
  - {x: -0.45790717, y: -0.049517035, z: -0.75202084}
  - {x: -0.30018786, y: -0.049517035, z: -0.75202084}
  - {x: -0.3790475, y: -0.08685434, z: -0.75202084}
  - {x: -0.33269498, y: -0.03910859, z: -0.8270208}
  - {x: -0.3790475, y: -0.08685434, z: -0.75202084}
  - {x: -0.45790717, y: -0.049517035, z: -0.75202084}
  - {x: -0.42540005, y: -0.03910859, z: -0.8270208}
  - {x: -0.3790475, y: -0.08685434, z: -0.75202084}
  - {x: -0.42540005, y: -0.03910859, z: -0.8270208}
  - {x: -0.33269498, y: -0.03910859, z: -0.8270208}
  - {x: -0.33269498, y: -0.03910859, z: -0.8270208}
  - {x: -0.42540005, y: -0.03910859, z: -0.8270208}
  - {x: -0.3790475, y: 0.03171289, z: -0.87961847}
  - {x: -0.30018786, y: -0.049517035, z: -0.75202084}
  - {x: -0.33269498, y: -0.03910859, z: -0.8270208}
  - {x: -0.25769496, y: 0.03814566, z: -0.7983734}
  - {x: -0.33269498, y: -0.03910859, z: -0.8270208}
  - {x: -0.3790475, y: 0.03171289, z: -0.87961847}
  - {x: -0.30404752, y: 0.08589142, z: -0.87337345}
  - {x: -0.33269498, y: -0.03910859, z: -0.8270208}
  - {x: -0.30404752, y: 0.08589142, z: -0.87337345}
  - {x: -0.25769496, y: 0.03814566, z: -0.7983734}
  - {x: -0.25769496, y: 0.03814566, z: -0.7983734}
  - {x: -0.30404752, y: 0.08589142, z: -0.87337345}
  - {x: -0.25144988, y: 0.16314566, z: -0.8308805}
  - {x: -0.30018786, y: -0.049517035, z: -0.75202084}
  - {x: -0.25769496, y: 0.03814566, z: -0.7983734}
  - {x: -0.25769496, y: 0.03814566, z: -0.70566833}
  - {x: -0.25769496, y: 0.03814566, z: -0.7983734}
  - {x: -0.25144988, y: 0.16314566, z: -0.8308805}
  - {x: -0.2290475, y: 0.16314566, z: -0.75202084}
  - {x: -0.25769496, y: 0.03814566, z: -0.7983734}
  - {x: -0.2290475, y: 0.16314566, z: -0.75202084}
  - {x: -0.25769496, y: 0.03814566, z: -0.70566833}
  - {x: -0.25769496, y: 0.03814566, z: -0.70566833}
  - {x: -0.2290475, y: 0.16314566, z: -0.75202084}
  - {x: -0.25144988, y: 0.16314566, z: -0.67316115}
  - {x: -0.3790475, y: 0.03171289, z: -0.6244232}
  - {x: -0.30404752, y: 0.08589142, z: -0.6306683}
  - {x: -0.3790475, y: 0.16314566, z: -0.60202086}
  - {x: -0.30404752, y: 0.08589142, z: -0.6306683}
  - {x: -0.25144988, y: 0.16314566, z: -0.67316115}
  - {x: -0.30404752, y: 0.2403999, z: -0.6306683}
  - {x: -0.30404752, y: 0.08589142, z: -0.6306683}
  - {x: -0.30404752, y: 0.2403999, z: -0.6306683}
  - {x: -0.3790475, y: 0.16314566, z: -0.60202086}
  - {x: -0.3790475, y: 0.16314566, z: -0.60202086}
  - {x: -0.30404752, y: 0.2403999, z: -0.6306683}
  - {x: -0.3790475, y: 0.29457843, z: -0.6244232}
  - {x: -0.45790717, y: -0.049517035, z: -0.75202084}
  - {x: -0.42540005, y: -0.03910859, z: -0.67702085}
  - {x: -0.50040007, y: 0.03814566, z: -0.70566833}
  - {x: -0.42540005, y: -0.03910859, z: -0.67702085}
  - {x: -0.3790475, y: 0.03171289, z: -0.6244232}
  - {x: -0.4540475, y: 0.08589142, z: -0.6306683}
  - {x: -0.42540005, y: -0.03910859, z: -0.67702085}
  - {x: -0.4540475, y: 0.08589142, z: -0.6306683}
  - {x: -0.50040007, y: 0.03814566, z: -0.70566833}
  - {x: -0.50040007, y: 0.03814566, z: -0.70566833}
  - {x: -0.4540475, y: 0.08589142, z: -0.6306683}
  - {x: -0.50664514, y: 0.16314566, z: -0.67316115}
  - {x: -0.3790475, y: 0.03171289, z: -0.87961847}
  - {x: -0.42540005, y: -0.03910859, z: -0.8270208}
  - {x: -0.4540475, y: 0.08589142, z: -0.87337345}
  - {x: -0.42540005, y: -0.03910859, z: -0.8270208}
  - {x: -0.45790717, y: -0.049517035, z: -0.75202084}
  - {x: -0.50040007, y: 0.03814566, z: -0.7983734}
  - {x: -0.42540005, y: -0.03910859, z: -0.8270208}
  - {x: -0.50040007, y: 0.03814566, z: -0.7983734}
  - {x: -0.4540475, y: 0.08589142, z: -0.87337345}
  - {x: -0.4540475, y: 0.08589142, z: -0.87337345}
  - {x: -0.50040007, y: 0.03814566, z: -0.7983734}
  - {x: -0.50664514, y: 0.16314566, z: -0.8308805}
  - {x: -0.25144988, y: 0.16314566, z: -0.8308805}
  - {x: -0.30404752, y: 0.08589142, z: -0.87337345}
  - {x: -0.30404752, y: 0.2403999, z: -0.87337345}
  - {x: -0.30404752, y: 0.08589142, z: -0.87337345}
  - {x: -0.3790475, y: 0.03171289, z: -0.87961847}
  - {x: -0.3790475, y: 0.16314566, z: -0.9020209}
  - {x: -0.30404752, y: 0.08589142, z: -0.87337345}
  - {x: -0.3790475, y: 0.16314566, z: -0.9020209}
  - {x: -0.30404752, y: 0.2403999, z: -0.87337345}
  - {x: -0.30404752, y: 0.2403999, z: -0.87337345}
  - {x: -0.3790475, y: 0.16314566, z: -0.9020209}
  - {x: -0.3790475, y: 0.29457843, z: -0.87961847}
  - {x: -0.25144988, y: 0.16314566, z: -0.67316115}
  - {x: -0.2290475, y: 0.16314566, z: -0.75202084}
  - {x: -0.25769496, y: 0.28814566, z: -0.70566833}
  - {x: -0.2290475, y: 0.16314566, z: -0.75202084}
  - {x: -0.25144988, y: 0.16314566, z: -0.8308805}
  - {x: -0.25769496, y: 0.28814566, z: -0.7983734}
  - {x: -0.2290475, y: 0.16314566, z: -0.75202084}
  - {x: -0.25769496, y: 0.28814566, z: -0.7983734}
  - {x: -0.25769496, y: 0.28814566, z: -0.70566833}
  - {x: -0.25769496, y: 0.28814566, z: -0.70566833}
  - {x: -0.25769496, y: 0.28814566, z: -0.7983734}
  - {x: -0.30018786, y: 0.37580836, z: -0.75202084}
  m_Textures0:
  - {x: -0.45790717, y: -0.75202084}
  - {x: -0.50040007, y: -0.70566833}
  - {x: -0.42540005, y: -0.67702085}
  - {x: 0.70566833, y: 0.28814566}
  - {x: 0.67316115, y: 0.16314566}
  - {x: 0.6306683, y: 0.2403999}
  - {x: 0.50040007, y: 0.28814566}
  - {x: 0.4540475, y: 0.2403999}
  - {x: 0.42540005, y: 0.3653999}
  - {x: 0.42540005, y: 0.3653999}
  - {x: 0.4540475, y: 0.2403999}
  - {x: 0.3790475, y: 0.29457843}
  - {x: -0.45790717, y: -0.75202084}
  - {x: -0.42540005, y: -0.67702085}
  - {x: -0.3790475, y: -0.75202084}
  - {x: -0.42540005, y: -0.67702085}
  - {x: -0.3790475, y: -0.6244232}
  - {x: -0.33269498, y: -0.67702085}
  - {x: -0.42540005, y: -0.67702085}
  - {x: -0.33269498, y: -0.67702085}
  - {x: -0.3790475, y: -0.75202084}
  - {x: -0.3790475, y: -0.75202084}
  - {x: -0.33269498, y: -0.67702085}
  - {x: -0.30018786, y: -0.75202084}
  - {x: -0.45790717, y: -0.75202084}
  - {x: -0.3790475, y: -0.75202084}
  - {x: -0.42540005, y: -0.8270208}
  - {x: -0.3790475, y: -0.75202084}
  - {x: -0.30018786, y: -0.75202084}
  - {x: -0.33269498, y: -0.8270208}
  - {x: -0.3790475, y: -0.75202084}
  - {x: -0.33269498, y: -0.8270208}
  - {x: -0.42540005, y: -0.8270208}
  - {x: -0.42540005, y: -0.8270208}
  - {x: -0.33269498, y: -0.8270208}
  - {x: -0.3790475, y: -0.87961847}
  - {x: -0.45790717, y: -0.75202084}
  - {x: -0.42540005, y: -0.8270208}
  - {x: -0.50040007, y: -0.7983734}
  - {x: -0.42540005, y: 0.3653999}
  - {x: -0.3790475, y: 0.29457843}
  - {x: -0.4540475, y: 0.2403999}
  - {x: -0.42540005, y: 0.3653999}
  - {x: -0.4540475, y: 0.2403999}
  - {x: -0.50040007, y: 0.28814566}
  - {x: 0.7983734, y: 0.28814566}
  - {x: 0.87337345, y: 0.2403999}
  - {x: 0.8308805, y: 0.16314566}
  - {x: 0.75202084, y: 0.37580836}
  - {x: 0.7983734, y: 0.28814566}
  - {x: 0.70566833, y: 0.28814566}
  - {x: 0.7983734, y: 0.28814566}
  - {x: 0.8308805, y: 0.16314566}
  - {x: 0.75202084, y: 0.16314566}
  - {x: 0.7983734, y: 0.28814566}
  - {x: 0.75202084, y: 0.16314566}
  - {x: 0.70566833, y: 0.28814566}
  - {x: 0.70566833, y: 0.28814566}
  - {x: 0.75202084, y: 0.16314566}
  - {x: 0.67316115, y: 0.16314566}
  - {x: -0.30018786, y: -0.75202084}
  - {x: -0.33269498, y: -0.67702085}
  - {x: -0.25769496, y: -0.70566833}
  - {x: 0.33269498, y: 0.3653999}
  - {x: 0.3790475, y: 0.29457843}
  - {x: 0.30404752, y: 0.2403999}
  - {x: 0.33269498, y: 0.3653999}
  - {x: 0.30404752, y: 0.2403999}
  - {x: 0.25769496, y: 0.28814566}
  - {x: -0.70566833, y: 0.28814566}
  - {x: -0.6306683, y: 0.2403999}
  - {x: -0.67316115, y: 0.16314566}
  - {x: 0.3790475, y: 0.29457843}
  - {x: 0.4540475, y: 0.2403999}
  - {x: 0.3790475, y: 0.16314566}
  - {x: 0.4540475, y: 0.2403999}
  - {x: 0.50664514, y: 0.16314566}
  - {x: 0.4540475, y: 0.08589142}
  - {x: 0.4540475, y: 0.2403999}
  - {x: 0.4540475, y: 0.08589142}
  - {x: 0.3790475, y: 0.16314566}
  - {x: 0.3790475, y: 0.16314566}
  - {x: 0.4540475, y: 0.08589142}
  - {x: 0.3790475, y: 0.03171289}
  - {x: 0.67316115, y: 0.16314566}
  - {x: 0.75202084, y: 0.16314566}
  - {x: 0.70566833, y: 0.038145658}
  - {x: 0.75202084, y: 0.16314566}
  - {x: 0.8308805, y: 0.16314566}
  - {x: 0.7983734, y: 0.038145658}
  - {x: 0.75202084, y: 0.16314566}
  - {x: 0.7983734, y: 0.038145658}
  - {x: 0.70566833, y: 0.038145658}
  - {x: 0.70566833, y: 0.038145658}
  - {x: 0.7983734, y: 0.038145658}
  - {x: 0.75202084, y: -0.04951704}
  - {x: -0.50664514, y: 0.16314566}
  - {x: -0.4540475, y: 0.2403999}
  - {x: -0.4540475, y: 0.08589142}
  - {x: -0.4540475, y: 0.2403999}
  - {x: -0.3790475, y: 0.29457843}
  - {x: -0.3790475, y: 0.16314566}
  - {x: -0.4540475, y: 0.2403999}
  - {x: -0.3790475, y: 0.16314566}
  - {x: -0.4540475, y: 0.08589142}
  - {x: -0.4540475, y: 0.08589142}
  - {x: -0.3790475, y: 0.16314566}
  - {x: -0.3790475, y: 0.03171289}
  - {x: -0.3790475, y: 0.29457843}
  - {x: -0.33269498, y: 0.3653999}
  - {x: -0.30404752, y: 0.2403999}
  - {x: -0.33269498, y: -0.8270208}
  - {x: -0.30018786, y: -0.75202084}
  - {x: -0.25769496, y: -0.7983734}
  - {x: -0.33269498, y: 0.3653999}
  - {x: -0.25769496, y: 0.28814566}
  - {x: -0.30404752, y: 0.2403999}
  - {x: -0.87337345, y: 0.2403999}
  - {x: -0.7983734, y: 0.28814566}
  - {x: -0.8308805, y: 0.16314566}
  - {x: 0.30018786, y: -0.75202084}
  - {x: 0.25769496, y: -0.70566833}
  - {x: 0.33269498, y: -0.67702085}
  - {x: -0.70566833, y: 0.03814566}
  - {x: -0.67316115, y: 0.16314566}
  - {x: -0.6306683, y: 0.08589142}
  - {x: 0.25769496, y: 0.03814566}
  - {x: 0.30404752, y: 0.08589142}
  - {x: 0.33269498, y: -0.03910859}
  - {x: 0.33269498, y: -0.03910859}
  - {x: 0.30404752, y: 0.08589142}
  - {x: 0.3790475, y: 0.03171289}
  - {x: 0.30018786, y: -0.75202084}
  - {x: 0.33269498, y: -0.67702085}
  - {x: 0.3790475, y: -0.75202084}
  - {x: 0.33269498, y: -0.67702085}
  - {x: 0.3790475, y: -0.6244232}
  - {x: 0.42540005, y: -0.67702085}
  - {x: 0.33269498, y: -0.67702085}
  - {x: 0.42540005, y: -0.67702085}
  - {x: 0.3790475, y: -0.75202084}
  - {x: 0.3790475, y: -0.75202084}
  - {x: 0.42540005, y: -0.67702085}
  - {x: 0.45790717, y: -0.75202084}
  - {x: 0.30018786, y: -0.75202084}
  - {x: 0.3790475, y: -0.75202084}
  - {x: 0.33269498, y: -0.8270208}
  - {x: 0.3790475, y: -0.75202084}
  - {x: 0.45790717, y: -0.75202084}
  - {x: 0.42540005, y: -0.8270208}
  - {x: 0.3790475, y: -0.75202084}
  - {x: 0.42540005, y: -0.8270208}
  - {x: 0.33269498, y: -0.8270208}
  - {x: 0.33269498, y: -0.8270208}
  - {x: 0.42540005, y: -0.8270208}
  - {x: 0.3790475, y: -0.87961847}
  - {x: 0.30018786, y: -0.75202084}
  - {x: 0.33269498, y: -0.8270208}
  - {x: 0.25769496, y: -0.7983734}
  - {x: -0.33269498, y: -0.03910859}
  - {x: -0.3790475, y: 0.03171289}
  - {x: -0.30404752, y: 0.08589142}
  - {x: -0.33269498, y: -0.03910859}
  - {x: -0.30404752, y: 0.08589142}
  - {x: -0.25769496, y: 0.03814566}
  - {x: -0.7983734, y: 0.03814566}
  - {x: -0.87337345, y: 0.08589142}
  - {x: -0.8308805, y: 0.16314566}
  - {x: -0.75202084, y: -0.049517035}
  - {x: -0.7983734, y: 0.03814566}
  - {x: -0.70566833, y: 0.03814566}
  - {x: -0.7983734, y: 0.03814566}
  - {x: -0.8308805, y: 0.16314566}
  - {x: -0.75202084, y: 0.16314566}
  - {x: -0.7983734, y: 0.03814566}
  - {x: -0.75202084, y: 0.16314566}
  - {x: -0.70566833, y: 0.03814566}
  - {x: -0.70566833, y: 0.03814566}
  - {x: -0.75202084, y: 0.16314566}
  - {x: -0.67316115, y: 0.16314566}
  - {x: 0.3790475, y: 0.03171289}
  - {x: 0.30404752, y: 0.08589142}
  - {x: 0.3790475, y: 0.16314566}
  - {x: 0.30404752, y: 0.08589142}
  - {x: 0.25144988, y: 0.16314566}
  - {x: 0.30404752, y: 0.2403999}
  - {x: 0.30404752, y: 0.08589142}
  - {x: 0.30404752, y: 0.2403999}
  - {x: 0.3790475, y: 0.16314566}
  - {x: 0.3790475, y: 0.16314566}
  - {x: 0.30404752, y: 0.2403999}
  - {x: 0.3790475, y: 0.29457843}
  - {x: 0.45790717, y: -0.75202084}
  - {x: 0.42540005, y: -0.67702085}
  - {x: 0.50040007, y: -0.70566833}
  - {x: 0.42540005, y: -0.03910859}
  - {x: 0.3790475, y: 0.03171289}
  - {x: 0.4540475, y: 0.08589142}
  - {x: 0.42540005, y: -0.03910859}
  - {x: 0.4540475, y: 0.08589142}
  - {x: 0.50040007, y: 0.03814566}
  - {x: 0.70566833, y: 0.038145658}
  - {x: 0.6306683, y: 0.08589142}
  - {x: 0.67316115, y: 0.16314566}
  - {x: -0.3790475, y: 0.03171289}
  - {x: -0.42540005, y: -0.03910859}
  - {x: -0.4540475, y: 0.08589142}
  - {x: 0.42540005, y: -0.8270208}
  - {x: 0.45790717, y: -0.75202084}
  - {x: 0.50040007, y: -0.7983734}
  - {x: -0.42540005, y: -0.03910859}
  - {x: -0.50040007, y: 0.03814566}
  - {x: -0.4540475, y: 0.08589142}
  - {x: 0.87337345, y: 0.08589142}
  - {x: 0.7983734, y: 0.038145658}
  - {x: 0.8308805, y: 0.16314566}
  - {x: -0.25144988, y: 0.16314566}
  - {x: -0.30404752, y: 0.08589142}
  - {x: -0.30404752, y: 0.2403999}
  - {x: -0.30404752, y: 0.08589142}
  - {x: -0.3790475, y: 0.03171289}
  - {x: -0.3790475, y: 0.16314566}
  - {x: -0.30404752, y: 0.08589142}
  - {x: -0.3790475, y: 0.16314566}
  - {x: -0.30404752, y: 0.2403999}
  - {x: -0.30404752, y: 0.2403999}
  - {x: -0.3790475, y: 0.16314566}
  - {x: -0.3790475, y: 0.29457843}
  - {x: -0.67316115, y: 0.16314566}
  - {x: -0.75202084, y: 0.16314566}
  - {x: -0.70566833, y: 0.28814566}
  - {x: -0.75202084, y: 0.16314566}
  - {x: -0.8308805, y: 0.16314566}
  - {x: -0.7983734, y: 0.28814566}
  - {x: -0.75202084, y: 0.16314566}
  - {x: -0.7983734, y: 0.28814566}
  - {x: -0.70566833, y: 0.28814566}
  - {x: -0.70566833, y: 0.28814566}
  - {x: -0.7983734, y: 0.28814566}
  - {x: -0.75202084, y: 0.37580836}
  m_Textures2: []
  m_Textures3: []
  m_Tangents:
  - {x: 0.7191388, y: 0.6948664, z: -0.0000000019203985, w: -1}
  - {x: 0.38995567, y: 0.9160537, z: 0.093702585, w: -1}
  - {x: 0.753854, y: 0.6283671, z: -0.19198681, w: -1}
  - {x: -0.38976267, y: -0.09614326, z: -0.91588295, w: -1}
  - {x: -0.52576756, y: -3.3644634e-10, z: -0.8506282, w: -1}
  - {x: -0.83960867, y: 0.072047226, z: -0.5383925, w: -1}
  - {x: -0.40242258, y: -0.14008819, z: -0.90467197, w: -1}
  - {x: -0.8438079, y: 0.04575227, z: -0.5346914, w: -1}
  - {x: -0.78872347, y: 0.11950965, z: -0.60301965, w: -1}
  - {x: -0.8841874, y: -0.07352629, z: -0.46130952, w: -1}
  - {x: -0.8525579, y: -0.030992672, z: -0.5217131, w: -1}
  - {x: -0.988628, y: 0.14021334, z: -0.05435935, w: -1}
  - {x: 0.71913874, y: 0.6948664, z: 0.000000004412445, w: -1}
  - {x: 0.87932193, y: 0.47421217, z: 0.043770477, w: -1}
  - {x: 1, y: 0, z: 0.000000005491066, w: -1}
  - {x: 0.9211993, y: 0.2797777, z: 0.27040002, w: -1}
  - {x: 1, y: 0, z: 0, w: -1}
  - {x: 0.9211993, y: -0.2797777, z: -0.27040008, w: -1}
  - {x: 0.9211993, y: 0.2797777, z: 0.27040002, w: -1}
  - {x: 0.9211993, y: -0.2797777, z: -0.27040008, w: -1}
  - {x: 1, y: 0, z: 0, w: -1}
  - {x: 1, y: 0, z: -0.000000005491066, w: -1}
  - {x: 0.87932193, y: -0.47421217, z: -0.043770485, w: -1}
  - {x: 0.71913874, y: -0.6948664, z: -0.0000000022062225, w: -1}
  - {x: 0.71913874, y: 0.6948664, z: 0.000000004412445, w: -1}
  - {x: 1, y: 0, z: 0.000000005491066, w: -1}
  - {x: 0.879322, y: 0.474212, z: -0.04377034, w: -1}
  - {x: 1, y: 0, z: -0.000000005491066, w: -1}
  - {x: 0.71913874, y: -0.6948664, z: -0.0000000022062225, w: -1}
  - {x: 0.879322, y: -0.474212, z: 0.04377034, w: -1}
  - {x: 1, y: 0, z: 0, w: -1}
  - {x: 0.9211994, y: -0.2797776, z: 0.2703999, w: -1}
  - {x: 0.9211994, y: 0.2797776, z: -0.2703999, w: -1}
  - {x: 0.9211994, y: 0.2797776, z: -0.2703999, w: -1}
  - {x: 0.9211994, y: -0.2797776, z: 0.2703999, w: -1}
  - {x: 1, y: -0.000000001134219, z: 0.0000000029255782, w: -1}
  - {x: 0.7191388, y: 0.6948664, z: -0.0000000019203945, w: -1}
  - {x: 0.7538541, y: 0.62836695, z: 0.1919868, w: -1}
  - {x: 0.38995573, y: 0.9160537, z: -0.09370268, w: -1}
  - {x: 0.8841875, y: 0.07352639, z: -0.46130922, w: -1}
  - {x: 0.988628, y: -0.14021327, z: -0.054359343, w: -1}
  - {x: 0.8525579, y: 0.030992767, z: -0.521713, w: -1}
  - {x: 0.7887236, y: -0.11950969, z: -0.6030195, w: -1}
  - {x: 0.84380794, y: -0.045752265, z: -0.5346914, w: -1}
  - {x: 0.4024227, y: 0.14008823, z: -0.9046719, w: -1}
  - {x: 0.38976267, y: 0.0961432, z: -0.91588295, w: -1}
  - {x: 0.83960867, y: -0.0720473, z: -0.5383925, w: -1}
  - {x: 0.5257674, y: 0, z: -0.8506284, w: -1}
  - {x: -0.000000009068368, y: 0.000000009385135, z: -1, w: -1}
  - {x: 0.31529492, y: -0.12180115, z: -0.9411449, w: -1}
  - {x: -0.31529492, y: 0.121801145, z: -0.9411449, w: -1}
  - {x: 0.34936598, y: -0.029012477, z: -0.9365371, w: -1}
  - {x: 0.52576745, y: 0, z: -0.8506283, w: -1}
  - {x: 0, y: 0, z: -1, w: -1}
  - {x: 0.31529492, y: -0.12180115, z: -0.9411449, w: -1}
  - {x: 0, y: 0, z: -1, w: -1}
  - {x: -0.31529492, y: 0.121801145, z: -0.9411449, w: -1}
  - {x: -0.3493659, y: 0.029012458, z: -0.9365371, w: -1}
  - {x: 0, y: 0, z: -1, w: -1}
  - {x: -0.5257675, y: 8.8132546e-10, z: -0.8506283, w: -1}
  - {x: 0.7191388, y: -0.6948664, z: 9.601993e-10, w: -1}
  - {x: 0.753854, y: -0.6283671, z: 0.19198686, w: -1}
  - {x: 0.3899557, y: -0.9160537, z: -0.09370259, w: -1}
  - {x: -0.8841874, y: 0.07352626, z: 0.4613095, w: -1}
  - {x: -0.988628, y: -0.14021334, z: 0.05435935, w: -1}
  - {x: -0.85255784, y: 0.030992674, z: 0.5217131, w: -1}
  - {x: -0.78872347, y: -0.11950972, z: 0.6030196, w: -1}
  - {x: -0.8438079, y: -0.045752265, z: 0.5346914, w: -1}
  - {x: -0.40242267, y: 0.14008817, z: 0.90467197, w: -1}
  - {x: -0.38976273, y: 0.09614327, z: 0.91588295, w: -1}
  - {x: -0.8396086, y: -0.07204721, z: 0.53839254, w: -1}
  - {x: -0.5257677, y: 0, z: 0.85062814, w: -1}
  - {x: -0.99722844, y: 0.069369264, z: -0.026893793, w: -1}
  - {x: -0.8550788, y: -0.07166567, z: -0.5135214, w: -1}
  - {x: -1, y: 0, z: 0, w: -1}
  - {x: -0.8467669, y: 0.024393741, z: -0.53140455, w: -1}
  - {x: -0.52576756, y: -0.0000000010890507, z: -0.85062826, w: -1}
  - {x: -0.8467669, y: -0.02439373, z: -0.5314046, w: -1}
  - {x: -0.8530769, y: -0.037728585, z: -0.5204195, w: -1}
  - {x: -0.8530769, y: 0.03772859, z: -0.5204195, w: -1}
  - {x: -1, y: 0, z: 0, w: -1}
  - {x: -1, y: 0, z: 0, w: -1}
  - {x: -0.8550788, y: 0.07166567, z: -0.5135214, w: -1}
  - {x: -0.99722844, y: -0.06936926, z: -0.026893763, w: -1}
  - {x: -0.5257675, y: 8.8132546e-10, z: -0.8506283, w: -1}
  - {x: 0, y: 0, z: -1, w: -1}
  - {x: -0.3493659, y: -0.029012443, z: -0.9365371, w: -1}
  - {x: 0, y: 0, z: -1, w: -1}
  - {x: 0.52576745, y: 0, z: -0.8506283, w: -1}
  - {x: 0.34936592, y: 0.029012468, z: -0.9365371, w: -1}
  - {x: 0, y: 0, z: -1, w: -1}
  - {x: 0.3152949, y: 0.12180115, z: -0.9411449, w: -1}
  - {x: -0.3152949, y: -0.121801116, z: -0.9411449, w: -1}
  - {x: -0.3152949, y: -0.121801116, z: -0.9411449, w: -1}
  - {x: 0.3152949, y: 0.12180115, z: -0.9411449, w: -1}
  - {x: -0.0000000045341833, y: -0.0000000046925672, z: -1, w: -1}
  - {x: 0.52576745, y: 0, z: -0.8506284, w: -1}
  - {x: 0.8467669, y: -0.024393896, z: -0.53140455, w: -1}
  - {x: 0.8467669, y: 0.024393896, z: -0.53140455, w: -1}
  - {x: 0.8550789, y: 0.07166579, z: -0.5135213, w: -1}
  - {x: 0.99722844, y: -0.06936916, z: -0.026893746, w: -1}
  - {x: 1, y: 0, z: 0, w: -1}
  - {x: 0.8530769, y: 0.0377286, z: -0.5204194, w: -1}
  - {x: 1, y: 0, z: 0, w: -1}
  - {x: 0.8530769, y: -0.0377286, z: -0.5204194, w: -1}
  - {x: 0.8550789, y: -0.07166579, z: -0.5135213, w: -1}
  - {x: 1, y: 0, z: 0, w: -1}
  - {x: 0.99722844, y: 0.06936915, z: -0.026893746, w: -1}
  - {x: 0.988628, y: 0.14021327, z: 0.054359343, w: -1}
  - {x: 0.8841875, y: -0.07352639, z: 0.46130922, w: -1}
  - {x: 0.8525579, y: -0.030992767, z: 0.521713, w: -1}
  - {x: 0.7538541, y: -0.62836695, z: -0.1919868, w: -1}
  - {x: 0.7191388, y: -0.6948664, z: 9.601973e-10, w: -1}
  - {x: 0.38995576, y: -0.91605365, z: 0.09370266, w: -1}
  - {x: 0.7887236, y: 0.11950969, z: 0.6030195, w: -1}
  - {x: 0.4024227, y: -0.14008825, z: 0.9046719, w: -1}
  - {x: 0.84380794, y: 0.045752265, z: 0.5346914, w: -1}
  - {x: 0.83960867, y: 0.0720473, z: 0.5383925, w: -1}
  - {x: 0.38976267, y: -0.09614322, z: 0.91588295, w: -1}
  - {x: 0.5257675, y: 0, z: 0.8506283, w: -1}
  - {x: -0.71913886, y: -0.69486636, z: -9.602e-10, w: -1}
  - {x: -0.38995567, y: -0.9160537, z: 0.09370256, w: -1}
  - {x: -0.7538539, y: -0.6283672, z: -0.19198684, w: -1}
  - {x: -0.3897627, y: -0.09614325, z: 0.91588295, w: -1}
  - {x: -0.5257677, y: 0, z: 0.8506282, w: -1}
  - {x: -0.8396086, y: 0.07204721, z: 0.5383925, w: -1}
  - {x: -0.40242267, y: -0.14008813, z: 0.9046719, w: -1}
  - {x: -0.8438079, y: 0.045752272, z: 0.5346914, w: -1}
  - {x: -0.78872347, y: 0.119509675, z: 0.60301965, w: -1}
  - {x: -0.88418746, y: -0.07352634, z: 0.46130952, w: -1}
  - {x: -0.8525579, y: -0.030992694, z: 0.5217131, w: -1}
  - {x: -0.98862803, y: 0.14021331, z: 0.05435929, w: -1}
  - {x: -0.7191388, y: -0.6948664, z: 0.0000000022062219, w: -1}
  - {x: -0.87932193, y: -0.47421217, z: 0.043770477, w: -1}
  - {x: -1, y: 0, z: 0.0000000054910654, w: -1}
  - {x: -0.9211993, y: -0.2797777, z: 0.27040002, w: -1}
  - {x: -1, y: 0, z: 0, w: -1}
  - {x: -0.9211993, y: 0.2797777, z: -0.27040002, w: -1}
  - {x: -0.9211993, y: -0.2797777, z: 0.27040002, w: -1}
  - {x: -0.9211993, y: 0.2797777, z: -0.27040002, w: -1}
  - {x: -1, y: 0, z: 0, w: -1}
  - {x: -1, y: 0, z: -0.0000000054910654, w: -1}
  - {x: -0.87932193, y: 0.47421217, z: -0.043770477, w: -1}
  - {x: -0.7191388, y: 0.6948664, z: -0.0000000022062219, w: -1}
  - {x: -0.7191388, y: -0.6948664, z: 0.0000000022062219, w: -1}
  - {x: -1, y: 0, z: 0.0000000054910654, w: -1}
  - {x: -0.87932193, y: -0.47421205, z: -0.04377036, w: -1}
  - {x: -1, y: 0, z: -0.0000000054910654, w: -1}
  - {x: -0.7191388, y: 0.6948664, z: -0.0000000022062219, w: -1}
  - {x: -0.87932193, y: 0.47421202, z: 0.04377034, w: -1}
  - {x: -1, y: 0, z: 0, w: -1}
  - {x: -0.9211994, y: 0.27977762, z: 0.2703999, w: -1}
  - {x: -0.9211994, y: -0.27977765, z: -0.27039996, w: -1}
  - {x: -0.9211994, y: -0.27977765, z: -0.27039996, w: -1}
  - {x: -0.9211994, y: 0.27977762, z: 0.2703999, w: -1}
  - {x: -1, y: 0, z: 0, w: -1}
  - {x: -0.7191388, y: -0.6948664, z: -9.601976e-10, w: -1}
  - {x: -0.7538541, y: -0.62836695, z: 0.19198683, w: -1}
  - {x: -0.38995576, y: -0.9160537, z: -0.093702644, w: -1}
  - {x: 0.8841876, y: 0.073526494, z: 0.46130922, w: -1}
  - {x: 0.988628, y: -0.14021322, z: 0.05435931, w: -1}
  - {x: 0.85255796, y: 0.03099279, z: 0.521713, w: -1}
  - {x: 0.7887236, y: -0.11950966, z: 0.60301954, w: -1}
  - {x: 0.84380794, y: -0.045752265, z: 0.5346914, w: -1}
  - {x: 0.4024227, y: 0.14008825, z: 0.9046719, w: -1}
  - {x: 0.3897627, y: 0.09614321, z: 0.91588295, w: -1}
  - {x: 0.8396086, y: -0.0720473, z: 0.5383925, w: -1}
  - {x: 0.52576745, y: 0, z: 0.8506283, w: -1}
  - {x: -0.000000004534183, y: 0.000000004692567, z: 1, w: -1}
  - {x: 0.31529492, y: -0.121801175, z: 0.9411449, w: -1}
  - {x: -0.31529492, y: 0.12180117, z: 0.9411449, w: -1}
  - {x: 0.349366, y: -0.029012373, z: 0.9365371, w: -1}
  - {x: 0.52576756, y: 0, z: 0.8506283, w: -1}
  - {x: 0, y: 0, z: 1, w: -1}
  - {x: 0.31529492, y: -0.121801175, z: 0.9411449, w: -1}
  - {x: 0, y: 0, z: 1, w: -1}
  - {x: -0.31529492, y: 0.12180117, z: 0.9411449, w: -1}
  - {x: -0.349366, y: 0.02901237, z: 0.9365371, w: -1}
  - {x: 0, y: 0, z: 1, w: -1}
  - {x: -0.5257678, y: 0, z: 0.85062814, w: -1}
  - {x: -0.99722844, y: 0.06936926, z: 0.026893763, w: -1}
  - {x: -0.8550788, y: -0.07166567, z: 0.5135214, w: -1}
  - {x: -1, y: 0, z: 0, w: -1}
  - {x: -0.8467669, y: 0.024393728, z: 0.5314046, w: -1}
  - {x: -0.5257677, y: 0, z: 0.8506282, w: -1}
  - {x: -0.8467669, y: -0.024393728, z: 0.5314046, w: -1}
  - {x: -0.8530769, y: -0.03772859, z: 0.5204195, w: -1}
  - {x: -0.8530769, y: 0.03772859, z: 0.5204195, w: -1}
  - {x: -1, y: 0, z: 0, w: -1}
  - {x: -1, y: 0, z: 0, w: -1}
  - {x: -0.8550788, y: 0.07166567, z: 0.5135214, w: -1}
  - {x: -0.99722844, y: -0.069369264, z: 0.026893793, w: -1}
  - {x: -0.71913886, y: 0.69486636, z: 9.602e-10, w: -1}
  - {x: -0.7538539, y: 0.6283672, z: 0.19198684, w: -1}
  - {x: -0.38995555, y: 0.9160538, z: -0.09370259, w: -1}
  - {x: -0.88418746, y: 0.07352634, z: -0.46130952, w: -1}
  - {x: -0.98862803, y: -0.14021331, z: -0.05435929, w: -1}
  - {x: -0.8525579, y: 0.030992698, z: -0.5217131, w: -1}
  - {x: -0.78872347, y: -0.11950965, z: -0.60301965, w: -1}
  - {x: -0.8438079, y: -0.04575227, z: -0.5346914, w: -1}
  - {x: -0.40242255, y: 0.14008817, z: -0.90467197, w: -1}
  - {x: -0.38976264, y: 0.09614328, z: -0.91588295, w: -1}
  - {x: -0.8396086, y: -0.072047174, z: -0.5383925, w: -1}
  - {x: -0.52576756, y: 0.000000046902805, z: -0.85062826, w: -1}
  - {x: 0.988628, y: 0.14021324, z: -0.05435931, w: -1}
  - {x: 0.8841876, y: -0.07352648, z: -0.46130925, w: -1}
  - {x: 0.8525579, y: -0.030992782, z: -0.521713, w: -1}
  - {x: -0.75385416, y: 0.62836695, z: -0.19198684, w: -1}
  - {x: -0.7191388, y: 0.6948664, z: 9.601976e-10, w: -1}
  - {x: -0.38995576, y: 0.9160537, z: 0.093702644, w: -1}
  - {x: 0.7887236, y: 0.11950964, z: -0.60301954, w: -1}
  - {x: 0.40242264, y: -0.14008826, z: -0.90467197, w: -1}
  - {x: 0.84380794, y: 0.045752265, z: -0.5346914, w: -1}
  - {x: 0.8396086, y: 0.07204727, z: -0.5383925, w: -1}
  - {x: 0.38976267, y: -0.09614324, z: -0.91588295, w: -1}
  - {x: 0.5257674, y: -0.000000029195453, z: -0.8506283, w: -1}
  - {x: 0.5257675, y: 0, z: 0.8506284, w: -1}
  - {x: 0.8467669, y: -0.024393896, z: 0.53140455, w: -1}
  - {x: 0.8467669, y: 0.024393896, z: 0.53140455, w: -1}
  - {x: 0.8550789, y: 0.07166579, z: 0.5135213, w: -1}
  - {x: 0.99722844, y: -0.06936915, z: 0.026893746, w: -1}
  - {x: 1, y: 0, z: 0, w: -1}
  - {x: 0.8530769, y: 0.0377286, z: 0.5204194, w: -1}
  - {x: 1, y: 0, z: 0, w: -1}
  - {x: 0.8530769, y: -0.0377286, z: 0.5204194, w: -1}
  - {x: 0.8550789, y: -0.07166579, z: 0.5135213, w: -1}
  - {x: 1, y: 0, z: 0, w: -1}
  - {x: 0.99722844, y: 0.06936916, z: 0.026893746, w: -1}
  - {x: -0.5257678, y: 0, z: 0.85062814, w: -1}
  - {x: 0, y: 0, z: 1, w: -1}
  - {x: -0.349366, y: -0.029012373, z: 0.9365371, w: -1}
  - {x: 0, y: 0, z: 1, w: -1}
  - {x: 0.52576756, y: 0, z: 0.8506283, w: -1}
  - {x: 0.349366, y: 0.029012373, z: 0.9365371, w: -1}
  - {x: 0, y: 0, z: 1, w: -1}
  - {x: 0.31529492, y: 0.121801175, z: 0.9411449, w: -1}
  - {x: -0.31529495, y: -0.12180118, z: 0.9411448, w: -1}
  - {x: -0.31529495, y: -0.12180118, z: 0.9411448, w: -1}
  - {x: 0.31529492, y: 0.121801175, z: 0.9411449, w: -1}
  - {x: -0.000000004534184, y: -0.0000000046925677, z: 1, w: -1}
  m_Colors: []
  m_UnwrapParameters:
    m_HardAngle: 88
    m_PackMargin: 30
    m_AngleError: 8
    m_AreaError: 15
  m_PreserveMeshAssetOnDestroy: 0
  assetGuid: 
  m_Mesh: {fileID: 0}
  m_VersionIndex: 787
  m_IsSelectable: 1
  m_SelectedFaces: 
  m_SelectedEdges: []
  m_SelectedVertices: 
--- !u!114 &1874014083095593317
MonoBehaviour:
  m_ObjectHideFlags: 0
  m_CorrespondingSourceObject: {fileID: 0}
  m_PrefabInstance: {fileID: 0}
  m_PrefabAsset: {fileID: 0}
  m_GameObject: {fileID: 3333770948497544185}
  m_Enabled: 1
  m_EditorHideFlags: 0
  m_Script: {fileID: 11500000, guid: 1ca002da428252441b92f28d83c8a65f, type: 3}
  m_Name: 
  m_EditorClassIdentifier: 
  m_Shape:
    rid: 5712776108367675397
  m_Size: {x: 0.3, y: 0.5, z: 0.3}
  m_Rotation: {x: 0, y: 0, z: 0, w: 1}
  m_PivotLocation: 1
  m_PivotPosition: {x: 0, y: 0, z: 0}
  m_UnmodifiedMeshVersion: 787
  m_ShapeBox:
    m_Center: {x: -0.3790475, y: 0.16314566, z: -0.75202084}
    m_Extent: {x: 0.5, y: 0.5, z: 0.49999997}
  references:
    version: 2
    RefIds:
    - rid: 5712776108367675397
      type: {class: Sphere, ns: UnityEngine.ProBuilder.Shapes, asm: Unity.ProBuilder}
      data:
        m_Subdivisions: 1
        m_Smooth: 1
--- !u!23 &9030187294402452633
MeshRenderer:
  m_ObjectHideFlags: 0
  m_CorrespondingSourceObject: {fileID: 0}
  m_PrefabInstance: {fileID: 0}
  m_PrefabAsset: {fileID: 0}
  m_GameObject: {fileID: 3333770948497544185}
  m_Enabled: 1
  m_CastShadows: 1
  m_ReceiveShadows: 1
  m_DynamicOccludee: 1
  m_StaticShadowCaster: 0
  m_MotionVectors: 1
  m_LightProbeUsage: 1
  m_ReflectionProbeUsage: 1
  m_RayTracingMode: 2
  m_RayTraceProcedural: 0
  m_RenderingLayerMask: 1
  m_RendererPriority: 0
  m_Materials:
  - {fileID: 2100000, guid: 5c58e4d829822884a81ef418a1a9a789, type: 2}
  m_StaticBatchInfo:
    firstSubMesh: 0
    subMeshCount: 0
  m_StaticBatchRoot: {fileID: 0}
  m_ProbeAnchor: {fileID: 0}
  m_LightProbeVolumeOverride: {fileID: 0}
  m_ScaleInLightmap: 1
  m_ReceiveGI: 1
  m_PreserveUVs: 0
  m_IgnoreNormalsForChartDetection: 0
  m_ImportantGI: 0
  m_StitchLightmapSeams: 1
  m_SelectedEditorRenderState: 2
  m_MinimumChartSize: 4
  m_AutoUVMaxDistance: 0.5
  m_AutoUVMaxAngle: 89
  m_LightmapParameters: {fileID: 0}
  m_SortingLayerID: 0
  m_SortingLayer: 0
  m_SortingOrder: 0
  m_AdditionalVertexStreams: {fileID: 0}
--- !u!33 &477643136232534398
MeshFilter:
  m_ObjectHideFlags: 0
  m_CorrespondingSourceObject: {fileID: 0}
  m_PrefabInstance: {fileID: 0}
  m_PrefabAsset: {fileID: 0}
  m_GameObject: {fileID: 3333770948497544185}
  m_Mesh: {fileID: 0}
--- !u!64 &2915672036452737927
MeshCollider:
  m_ObjectHideFlags: 0
  m_CorrespondingSourceObject: {fileID: 0}
  m_PrefabInstance: {fileID: 0}
  m_PrefabAsset: {fileID: 0}
  m_GameObject: {fileID: 3333770948497544185}
  m_Material: {fileID: 0}
  m_IsTrigger: 0
  m_Enabled: 1
  serializedVersion: 4
  m_Convex: 0
  m_CookingOptions: 30
  m_Mesh: {fileID: 0}
--- !u!1 &7468166486692656233
GameObject:
  m_ObjectHideFlags: 0
  m_CorrespondingSourceObject: {fileID: 0}
  m_PrefabInstance: {fileID: 0}
  m_PrefabAsset: {fileID: 0}
  serializedVersion: 6
  m_Component:
  - component: {fileID: 6796570094894803892}
  - component: {fileID: 1175521245726023047}
  - component: {fileID: 671398062985175214}
  - component: {fileID: 3858859888367918860}
  - component: {fileID: 1709621708835078443}
  - component: {fileID: 98560007422659797}
  m_Layer: 0
  m_Name: Cube
  m_TagString: Untagged
  m_Icon: {fileID: 0}
  m_NavMeshLayer: 0
  m_StaticEditorFlags: 0
  m_IsActive: 1
--- !u!4 &6796570094894803892
Transform:
  m_ObjectHideFlags: 0
  m_CorrespondingSourceObject: {fileID: 0}
  m_PrefabInstance: {fileID: 0}
  m_PrefabAsset: {fileID: 0}
  m_GameObject: {fileID: 7468166486692656233}
  m_LocalRotation: {x: 1.110223e-17, y: -0, z: -0, w: 1}
  m_LocalPosition: {x: -8.48653, y: 0.185, z: 15.411779}
  m_LocalScale: {x: 1, y: 1, z: 1}
  m_ConstrainProportionsScale: 0
  m_Children: []
  m_Father: {fileID: 6170279732655217233}
  m_RootOrder: 0
  m_LocalEulerAnglesHint: {x: 0, y: 0, z: 0}
--- !u!114 &1175521245726023047
MonoBehaviour:
  m_ObjectHideFlags: 0
  m_CorrespondingSourceObject: {fileID: 0}
  m_PrefabInstance: {fileID: 0}
  m_PrefabAsset: {fileID: 0}
  m_GameObject: {fileID: 7468166486692656233}
  m_Enabled: 1
  m_EditorHideFlags: 0
  m_Script: {fileID: 11500000, guid: 8233d90336aea43098adf6dbabd606a2, type: 3}
  m_Name: 
  m_EditorClassIdentifier: 
  m_MeshFormatVersion: 2
  m_Faces:
  - m_Indexes: 000000000100000002000000010000000300000002000000
    m_SmoothingGroup: 0
    m_Uv:
      m_UseWorldSpace: 0
      m_FlipU: 0
      m_FlipV: 0
      m_SwapUV: 0
      m_Fill: 1
      m_Scale: {x: 1, y: 1}
      m_Offset: {x: 0, y: 0}
      m_Rotation: 0
      m_Anchor: 9
    m_Material: {fileID: 0}
    m_SubmeshIndex: 0
    m_ManualUV: 0
    elementGroup: -1
    m_TextureGroup: -1
  - m_Indexes: 040000000500000006000000050000000700000006000000
    m_SmoothingGroup: 0
    m_Uv:
      m_UseWorldSpace: 0
      m_FlipU: 0
      m_FlipV: 0
      m_SwapUV: 0
      m_Fill: 1
      m_Scale: {x: 1, y: 1}
      m_Offset: {x: 0, y: 0}
      m_Rotation: 0
      m_Anchor: 9
    m_Material: {fileID: 0}
    m_SubmeshIndex: 0
    m_ManualUV: 0
    elementGroup: -1
    m_TextureGroup: -1
  - m_Indexes: 08000000090000000a000000090000000b0000000a000000
    m_SmoothingGroup: 0
    m_Uv:
      m_UseWorldSpace: 0
      m_FlipU: 0
      m_FlipV: 0
      m_SwapUV: 0
      m_Fill: 1
      m_Scale: {x: 1, y: 1}
      m_Offset: {x: 0, y: 0}
      m_Rotation: 0
      m_Anchor: 9
    m_Material: {fileID: 0}
    m_SubmeshIndex: 0
    m_ManualUV: 0
    elementGroup: -1
    m_TextureGroup: -1
  - m_Indexes: 0c0000000d0000000e0000000d0000000f0000000e000000
    m_SmoothingGroup: 0
    m_Uv:
      m_UseWorldSpace: 0
      m_FlipU: 0
      m_FlipV: 0
      m_SwapUV: 0
      m_Fill: 1
      m_Scale: {x: 1, y: 1}
      m_Offset: {x: 0, y: 0}
      m_Rotation: 0
      m_Anchor: 9
    m_Material: {fileID: 0}
    m_SubmeshIndex: 0
    m_ManualUV: 0
    elementGroup: -1
    m_TextureGroup: -1
  - m_Indexes: 100000001100000012000000110000001300000012000000
    m_SmoothingGroup: 0
    m_Uv:
      m_UseWorldSpace: 0
      m_FlipU: 0
      m_FlipV: 0
      m_SwapUV: 0
      m_Fill: 1
      m_Scale: {x: 1, y: 1}
      m_Offset: {x: 0, y: 0}
      m_Rotation: 0
      m_Anchor: 9
    m_Material: {fileID: 0}
    m_SubmeshIndex: 0
    m_ManualUV: 0
    elementGroup: -1
    m_TextureGroup: -1
  - m_Indexes: 140000001500000016000000150000001700000016000000
    m_SmoothingGroup: 0
    m_Uv:
      m_UseWorldSpace: 0
      m_FlipU: 0
      m_FlipV: 0
      m_SwapUV: 0
      m_Fill: 1
      m_Scale: {x: 1, y: 1}
      m_Offset: {x: 0, y: 0}
      m_Rotation: 0
      m_Anchor: 9
    m_Material: {fileID: 0}
    m_SubmeshIndex: 0
    m_ManualUV: 0
    elementGroup: -1
    m_TextureGroup: -1
  m_SharedVertices:
  - m_Vertices: 000000000d00000016000000
  - m_Vertices: 010000000400000017000000
  - m_Vertices: 020000000f00000010000000
  - m_Vertices: 030000000600000011000000
  - m_Vertices: 050000000800000015000000
  - m_Vertices: 070000000a00000013000000
  - m_Vertices: 090000000c00000014000000
  - m_Vertices: 0b0000000e00000012000000
  m_SharedTextures: []
  m_Positions:
  - {x: -0.4325018, y: -0.17508245, z: -0.17023277}
  - {x: -0.24387264, y: -0.17508245, z: -0.17023277}
  - {x: -0.48818722, y: 1.7397361, z: -0.11454734}
  - {x: -0.18818721, y: 1.7397361, z: -0.11454734}
  - {x: -0.24387264, y: -0.17508245, z: -0.17023277}
  - {x: -0.24387264, y: -0.17508245, z: -0.35886192}
  - {x: -0.18818721, y: 1.7397361, z: -0.11454734}
  - {x: -0.18818721, y: 1.7397361, z: -0.41454735}
  - {x: -0.24387264, y: -0.17508245, z: -0.35886192}
  - {x: -0.4325018, y: -0.17508245, z: -0.35886192}
  - {x: -0.18818721, y: 1.7397361, z: -0.41454735}
  - {x: -0.48818722, y: 1.7397361, z: -0.41454735}
  - {x: -0.4325018, y: -0.17508245, z: -0.35886192}
  - {x: -0.4325018, y: -0.17508245, z: -0.17023277}
  - {x: -0.48818722, y: 1.7397361, z: -0.41454735}
  - {x: -0.48818722, y: 1.7397361, z: -0.11454734}
  - {x: -0.48818722, y: 1.7397361, z: -0.11454734}
  - {x: -0.18818721, y: 1.7397361, z: -0.11454734}
  - {x: -0.48818722, y: 1.7397361, z: -0.41454735}
  - {x: -0.18818721, y: 1.7397361, z: -0.41454735}
  - {x: -0.4325018, y: -0.17508245, z: -0.35886192}
  - {x: -0.24387264, y: -0.17508245, z: -0.35886192}
  - {x: -0.4325018, y: -0.17508245, z: -0.17023277}
  - {x: -0.24387264, y: -0.17508245, z: -0.17023277}
  m_Textures0:
  - {x: 0.4325018, y: -0.17995696}
  - {x: 0.24387264, y: -0.17995696}
  - {x: 0.48818722, y: 1.735671}
  - {x: 0.18818721, y: 1.735671}
  - {x: -0.17023277, y: -0.1820976}
  - {x: -0.35886192, y: -0.1820976}
  - {x: -0.11454734, y: 1.7335304}
  - {x: -0.41454735, y: 1.7335304}
  - {x: -0.24387264, y: -0.1645767}
  - {x: -0.4325018, y: -0.1645767}
  - {x: -0.18818721, y: 1.7510513}
  - {x: -0.48818722, y: 1.7510513}
  - {x: 0.35886192, y: -0.16243605}
  - {x: 0.17023277, y: -0.16243605}
  - {x: 0.41454735, y: 1.753192}
  - {x: 0.11454734, y: 1.753192}
  - {x: -0.48818722, y: -0.11454734}
  - {x: -0.18818721, y: -0.11454734}
  - {x: -0.48818722, y: -0.41454735}
  - {x: -0.18818721, y: -0.41454735}
  - {x: 0.4325018, y: -0.35886192}
  - {x: 0.24387264, y: -0.35886192}
  - {x: 0.4325018, y: -0.17023277}
  - {x: 0.24387264, y: -0.17023277}
  m_Textures2: []
  m_Textures3: []
  m_Tangents:
  - {x: -1, y: 0, z: 0, w: -1}
  - {x: -1, y: 0, z: 0, w: -1}
  - {x: -1, y: 0, z: 0, w: -1}
  - {x: -1, y: 0, z: 0, w: -1}
  - {x: 0, y: 0, z: 1, w: -1}
  - {x: 0, y: 0, z: 1, w: -1}
  - {x: 0, y: 0, z: 1, w: -1}
  - {x: 0, y: 0, z: 1, w: -1}
  - {x: 1, y: 0, z: 0, w: -1}
  - {x: 1, y: 0, z: 0, w: -1}
  - {x: 1, y: 0, z: 0, w: -1}
  - {x: 1, y: 0, z: 0, w: -1}
  - {x: 0, y: 0, z: -1, w: -1}
  - {x: 0, y: 0, z: -1, w: -1}
  - {x: 0, y: 0, z: -1, w: -1}
  - {x: 0, y: 0, z: -1, w: -1}
  - {x: 1, y: 0, z: 0, w: -1}
  - {x: 1, y: 0, z: 0, w: -1}
  - {x: 1, y: 0, z: 0, w: -1}
  - {x: 1, y: 0, z: 0, w: -1}
  - {x: -1, y: 0, z: 0, w: -1}
  - {x: -1, y: 0, z: 0, w: -1}
  - {x: -1, y: 0, z: 0, w: -1}
  - {x: -1, y: 0, z: 0, w: -1}
  m_Colors: []
  m_UnwrapParameters:
    m_HardAngle: 88
    m_PackMargin: 20
    m_AngleError: 8
    m_AreaError: 15
  m_PreserveMeshAssetOnDestroy: 0
  assetGuid: 
  m_Mesh: {fileID: 0}
  m_VersionIndex: 1912
  m_IsSelectable: 1
  m_SelectedFaces: 
  m_SelectedEdges: []
  m_SelectedVertices: 
--- !u!114 &671398062985175214
MonoBehaviour:
  m_ObjectHideFlags: 0
  m_CorrespondingSourceObject: {fileID: 0}
  m_PrefabInstance: {fileID: 0}
  m_PrefabAsset: {fileID: 0}
  m_GameObject: {fileID: 7468166486692656233}
  m_Enabled: 1
  m_EditorHideFlags: 0
  m_Script: {fileID: 11500000, guid: 1ca002da428252441b92f28d83c8a65f, type: 3}
  m_Name: 
  m_EditorClassIdentifier: 
  m_Shape:
    rid: 5712776108367675415
  m_Size: {x: 0.3, y: 0.5, z: 0.3}
  m_Rotation: {x: 0, y: 0, z: 0, w: 1}
  m_PivotLocation: 1
  m_PivotPosition: {x: 0, y: 0, z: 0}
  m_UnmodifiedMeshVersion: 1400
  m_ShapeBox:
    m_Center: {x: -0.33818722, y: 1.4897361, z: -0.26454735}
    m_Extent: {x: 0.15, y: 0.25, z: 0.15}
  references:
    version: 2
    RefIds:
    - rid: 5712776108367675415
      type: {class: Cube, ns: UnityEngine.ProBuilder.Shapes, asm: Unity.ProBuilder}
--- !u!23 &3858859888367918860
MeshRenderer:
  m_ObjectHideFlags: 0
  m_CorrespondingSourceObject: {fileID: 0}
  m_PrefabInstance: {fileID: 0}
  m_PrefabAsset: {fileID: 0}
  m_GameObject: {fileID: 7468166486692656233}
  m_Enabled: 1
  m_CastShadows: 1
  m_ReceiveShadows: 1
  m_DynamicOccludee: 1
  m_StaticShadowCaster: 0
  m_MotionVectors: 1
  m_LightProbeUsage: 1
  m_ReflectionProbeUsage: 1
  m_RayTracingMode: 2
  m_RayTraceProcedural: 0
  m_RenderingLayerMask: 1
  m_RendererPriority: 0
  m_Materials:
  - {fileID: 2100000, guid: b1d05c9329273254fa48a352a46dd303, type: 2}
  m_StaticBatchInfo:
    firstSubMesh: 0
    subMeshCount: 0
  m_StaticBatchRoot: {fileID: 0}
  m_ProbeAnchor: {fileID: 0}
  m_LightProbeVolumeOverride: {fileID: 0}
  m_ScaleInLightmap: 1
  m_ReceiveGI: 1
  m_PreserveUVs: 0
  m_IgnoreNormalsForChartDetection: 0
  m_ImportantGI: 0
  m_StitchLightmapSeams: 1
  m_SelectedEditorRenderState: 2
  m_MinimumChartSize: 4
  m_AutoUVMaxDistance: 0.5
  m_AutoUVMaxAngle: 89
  m_LightmapParameters: {fileID: 0}
  m_SortingLayerID: 0
  m_SortingLayer: 0
  m_SortingOrder: 0
  m_AdditionalVertexStreams: {fileID: 0}
--- !u!33 &1709621708835078443
MeshFilter:
  m_ObjectHideFlags: 0
  m_CorrespondingSourceObject: {fileID: 0}
  m_PrefabInstance: {fileID: 0}
  m_PrefabAsset: {fileID: 0}
  m_GameObject: {fileID: 7468166486692656233}
  m_Mesh: {fileID: 0}
--- !u!64 &98560007422659797
MeshCollider:
  m_ObjectHideFlags: 0
  m_CorrespondingSourceObject: {fileID: 0}
  m_PrefabInstance: {fileID: 0}
  m_PrefabAsset: {fileID: 0}
  m_GameObject: {fileID: 7468166486692656233}
  m_Material: {fileID: 0}
  m_IsTrigger: 0
  m_Enabled: 1
  serializedVersion: 4
  m_Convex: 0
  m_CookingOptions: 30
  m_Mesh: {fileID: 0}
