%YAML 1.1
%TAG !u! tag:unity3d.com,2011:
--- !u!1 &2335402105054405282
GameObject:
  m_ObjectHideFlags: 0
  m_CorrespondingSourceObject: {fileID: 0}
  m_PrefabInstance: {fileID: 0}
  m_PrefabAsset: {fileID: 0}
  serializedVersion: 6
  m_Component:
  - component: {fileID: 2335402105054405283}
  m_Layer: 0
  m_Name: Orientation
  m_TagString: Untagged
  m_Icon: {fileID: 0}
  m_NavMeshLayer: 0
  m_StaticEditorFlags: 0
  m_IsActive: 1
--- !u!4 &2335402105054405283
Transform:
  m_ObjectHideFlags: 0
  m_CorrespondingSourceObject: {fileID: 0}
  m_PrefabInstance: {fileID: 0}
  m_PrefabAsset: {fileID: 0}
  m_GameObject: {fileID: 2335402105054405282}
  m_LocalRotation: {x: 0, y: 0, z: 0, w: 1}
  m_LocalPosition: {x: 0, y: 0, z: 0}
  m_LocalScale: {x: 1, y: 1, z: 1}
  m_ConstrainProportionsScale: 0
  m_Children: []
  m_Father: {fileID: 2335402105780889364}
  m_RootOrder: 1
  m_LocalEulerAnglesHint: {x: 0, y: 0, z: 0}
--- !u!1 &2335402105072674192
GameObject:
  m_ObjectHideFlags: 0
  m_CorrespondingSourceObject: {fileID: 0}
  m_PrefabInstance: {fileID: 0}
  m_PrefabAsset: {fileID: 0}
  serializedVersion: 6
  m_Component:
  - component: {fileID: 2335402105072674193}
  m_Layer: 0
  m_Name: CameraPos
  m_TagString: Untagged
  m_Icon: {fileID: 0}
  m_NavMeshLayer: 0
  m_StaticEditorFlags: 0
  m_IsActive: 1
--- !u!4 &2335402105072674193
Transform:
  m_ObjectHideFlags: 0
  m_CorrespondingSourceObject: {fileID: 0}
  m_PrefabInstance: {fileID: 0}
  m_PrefabAsset: {fileID: 0}
  m_GameObject: {fileID: 2335402105072674192}
  m_LocalRotation: {x: 0, y: 0, z: 0, w: 1}
  m_LocalPosition: {x: 0, y: 1.7, z: -4.458}
  m_LocalScale: {x: 1, y: 1, z: 1}
  m_ConstrainProportionsScale: 0
  m_Children: []
  m_Father: {fileID: 2335402105780889364}
  m_RootOrder: 2
  m_LocalEulerAnglesHint: {x: 0, y: 0, z: 0}
--- !u!1 &2335402105103896790
GameObject:
  m_ObjectHideFlags: 0
  m_CorrespondingSourceObject: {fileID: 0}
  m_PrefabInstance: {fileID: 0}
  m_PrefabAsset: {fileID: 0}
  serializedVersion: 6
  m_Component:
  - component: {fileID: 2335402105103896791}
  - component: {fileID: 2335402105103896794}
  - component: {fileID: 2335402105103896789}
  - component: {fileID: 2335402105103896788}
  m_Layer: 0
  m_Name: PlayerObj
  m_TagString: PlayerPC
  m_Icon: {fileID: 0}
  m_NavMeshLayer: 0
  m_StaticEditorFlags: 0
  m_IsActive: 1
--- !u!4 &2335402105103896791
Transform:
  m_ObjectHideFlags: 0
  m_CorrespondingSourceObject: {fileID: 0}
  m_PrefabInstance: {fileID: 0}
  m_PrefabAsset: {fileID: 0}
  m_GameObject: {fileID: 2335402105103896790}
  m_LocalRotation: {x: -0, y: -0, z: -0, w: 1}
  m_LocalPosition: {x: 0, y: 0, z: 0}
  m_LocalScale: {x: 0.8, y: 0.8, z: 0.8}
  m_ConstrainProportionsScale: 0
  m_Children: []
  m_Father: {fileID: 2335402105780889364}
  m_RootOrder: 0
  m_LocalEulerAnglesHint: {x: 0, y: 0, z: 0}
--- !u!33 &2335402105103896794
MeshFilter:
  m_ObjectHideFlags: 0
  m_CorrespondingSourceObject: {fileID: 0}
  m_PrefabInstance: {fileID: 0}
  m_PrefabAsset: {fileID: 0}
  m_GameObject: {fileID: 2335402105103896790}
  m_Mesh: {fileID: 10208, guid: 0000000000000000e000000000000000, type: 0}
--- !u!23 &2335402105103896789
MeshRenderer:
  m_ObjectHideFlags: 0
  m_CorrespondingSourceObject: {fileID: 0}
  m_PrefabInstance: {fileID: 0}
  m_PrefabAsset: {fileID: 0}
  m_GameObject: {fileID: 2335402105103896790}
  m_Enabled: 1
  m_CastShadows: 1
  m_ReceiveShadows: 1
  m_DynamicOccludee: 1
  m_StaticShadowCaster: 0
  m_MotionVectors: 1
  m_LightProbeUsage: 1
  m_ReflectionProbeUsage: 1
  m_RayTracingMode: 2
  m_RayTraceProcedural: 0
  m_RenderingLayerMask: 1
  m_RendererPriority: 0
  m_Materials:
  - {fileID: 2100000, guid: 31321ba15b8f8eb4c954353edc038b1d, type: 2}
  m_StaticBatchInfo:
    firstSubMesh: 0
    subMeshCount: 0
  m_StaticBatchRoot: {fileID: 0}
  m_ProbeAnchor: {fileID: 0}
  m_LightProbeVolumeOverride: {fileID: 0}
  m_ScaleInLightmap: 1
  m_ReceiveGI: 1
  m_PreserveUVs: 0
  m_IgnoreNormalsForChartDetection: 0
  m_ImportantGI: 0
  m_StitchLightmapSeams: 1
  m_SelectedEditorRenderState: 3
  m_MinimumChartSize: 4
  m_AutoUVMaxDistance: 0.5
  m_AutoUVMaxAngle: 89
  m_LightmapParameters: {fileID: 0}
  m_SortingLayerID: 0
  m_SortingLayer: 0
  m_SortingOrder: 0
  m_AdditionalVertexStreams: {fileID: 0}
--- !u!136 &2335402105103896788
CapsuleCollider:
  m_ObjectHideFlags: 0
  m_CorrespondingSourceObject: {fileID: 0}
  m_PrefabInstance: {fileID: 0}
  m_PrefabAsset: {fileID: 0}
  m_GameObject: {fileID: 2335402105103896790}
  m_Material: {fileID: 0}
  m_IsTrigger: 0
  m_Enabled: 1
  m_Radius: 0.5
  m_Height: 2
  m_Direction: 1
  m_Center: {x: 0, y: 0, z: 0}
--- !u!1 &2335402105780889367
GameObject:
  m_ObjectHideFlags: 0
  m_CorrespondingSourceObject: {fileID: 0}
  m_PrefabInstance: {fileID: 0}
  m_PrefabAsset: {fileID: 0}
  serializedVersion: 6
  m_Component:
  - component: {fileID: 2335402105780889364}
  - component: {fileID: 2335402105780889370}
  - component: {fileID: 2335402105780889375}
  - component: {fileID: 2335402105780889374}
  - component: {fileID: 2335402105780889369}
  - component: {fileID: 2335402105780889368}
  - component: {fileID: 2335402105780889371}
  - component: {fileID: 2335402105780889372}
  m_Layer: 0
  m_Name: PCPlayer
  m_TagString: Untagged
  m_Icon: {fileID: 0}
  m_NavMeshLayer: 0
  m_StaticEditorFlags: 0
  m_IsActive: 1
--- !u!4 &2335402105780889364
Transform:
  m_ObjectHideFlags: 0
  m_CorrespondingSourceObject: {fileID: 0}
  m_PrefabInstance: {fileID: 0}
  m_PrefabAsset: {fileID: 0}
  m_GameObject: {fileID: 2335402105780889367}
  m_LocalRotation: {x: 0, y: 0, z: 0, w: 1}
  m_LocalPosition: {x: -11.21, y: 2.79, z: 12.11}
  m_LocalScale: {x: 1, y: 1.25, z: 1}
  m_ConstrainProportionsScale: 0
  m_Children:
  - {fileID: 2335402105103896791}
  - {fileID: 2335402105054405283}
  - {fileID: 2335402105072674193}
  m_Father: {fileID: 0}
  m_RootOrder: 0
  m_LocalEulerAnglesHint: {x: 0, y: 0, z: 0}
--- !u!54 &2335402105780889370
Rigidbody:
  m_ObjectHideFlags: 0
  m_CorrespondingSourceObject: {fileID: 0}
  m_PrefabInstance: {fileID: 0}
  m_PrefabAsset: {fileID: 0}
  m_GameObject: {fileID: 2335402105780889367}
  serializedVersion: 2
  m_Mass: 1
  m_Drag: 0
  m_AngularDrag: 0.05
  m_UseGravity: 1
  m_IsKinematic: 0
  m_Interpolate: 1
  m_Constraints: 112
  m_CollisionDetection: 1
--- !u!114 &2335402105780889375
MonoBehaviour:
  m_ObjectHideFlags: 0
  m_CorrespondingSourceObject: {fileID: 0}
  m_PrefabInstance: {fileID: 0}
  m_PrefabAsset: {fileID: 0}
  m_GameObject: {fileID: 2335402105780889367}
  m_Enabled: 1
  m_EditorHideFlags: 0
  m_Script: {fileID: 11500000, guid: ce559b4f8f2d5434194a880c29ad32f9, type: 3}
  m_Name: 
  m_EditorClassIdentifier: 
  walkSpeed: 7
  sprintSpeed: 10
  slideSpeed: 30
  wallrunSpeed: 8.5
  speedIncreaseMultiplier: 1.5
  slopeIncreaseMultiplier: 2.5
  groundDrag: 4
  jumpForce: 8
  jumpCooldown: 0.25
  airMultiplier: 0.1
  crouchSpeed: 3.5
  crouchYScale: 0.5
  jumpKey: 32
  sprintKey: 304
  crouchKey: 99
  playerHeight: 2
  whatIsGround:
    serializedVersion: 2
    m_Bits: 1024
  grounded: 0
  isPaused: 0
  resumeText: {fileID: 0}
  maxSlopeAngle: 40
  orientation: {fileID: 2335402105054405283}
  state: 0
  sliding: 0
  crouching: 0
  wallrunning: 0
  climbing: 0
  vaulting: 0
  freeze: 0
  unlimited: 0
  restricted: 0
--- !u!114 &2335402105780889374
MonoBehaviour:
  m_ObjectHideFlags: 0
  m_CorrespondingSourceObject: {fileID: 0}
  m_PrefabInstance: {fileID: 0}
  m_PrefabAsset: {fileID: 0}
  m_GameObject: {fileID: 2335402105780889367}
  m_Enabled: 1
  m_EditorHideFlags: 0
  m_Script: {fileID: 11500000, guid: 0cb4c409045ad234e9523518314d962f, type: 3}
  m_Name: 
  m_EditorClassIdentifier: 
  orientation: {fileID: 2335402105054405283}
  rb: {fileID: 2335402105780889370}
  pm: {fileID: 2335402105780889375}
  whatIsWall:
    serializedVersion: 2
    m_Bits: 512
  climbSpeed: 10
  maxClimbTime: 0.75
  climbJumpUpForce: 5
  climbJumpBackForce: 5
  jumpKey: 32
  climbJumps: 1
  detectionLength: 0.7
  sphereCastRadius: 0.25
  maxWallLookAngle: 30
  minWallNormalAngleChange: 5
  exitingWall: 0
  exitWallTime: 0.2
--- !u!114 &2335402105780889369
MonoBehaviour:
  m_ObjectHideFlags: 0
  m_CorrespondingSourceObject: {fileID: 0}
  m_PrefabInstance: {fileID: 0}
  m_PrefabAsset: {fileID: 0}
  m_GameObject: {fileID: 2335402105780889367}
  m_Enabled: 1
  m_EditorHideFlags: 0
  m_Script: {fileID: 11500000, guid: a61cb77c7dd6ea84fabdeb44db917616, type: 3}
  m_Name: 
  m_EditorClassIdentifier: 
  pm: {fileID: 2335402105780889375}
  orientation: {fileID: 2335402105054405283}
  cam: {fileID: 0}
  rb: {fileID: 2335402105780889370}
  moveToLedgeSpeed: 12
  maxLedgeGrabDistance: 2
  minTimeOnLedge: 0.5
  holding: 0
  jumpKey: 32
  ledgeJumpForwardForce: 14
  ledgeJumpUpwardForce: 5
  ledgeDetectionLength: 3
  ledgeSphereCastRadius: 0.5
  whatIsLedge:
    serializedVersion: 2
    m_Bits: 2048
  exitingLedge: 0
  exitLedgeTime: 0.2
--- !u!114 &2335402105780889368
MonoBehaviour:
  m_ObjectHideFlags: 0
  m_CorrespondingSourceObject: {fileID: 0}
  m_PrefabInstance: {fileID: 0}
  m_PrefabAsset: {fileID: 0}
  m_GameObject: {fileID: 2335402105780889367}
  m_Enabled: 1
  m_EditorHideFlags: 0
  m_Script: {fileID: 11500000, guid: 228e016ff63b1414fbef207e29553409, type: 3}
  m_Name: 
  m_EditorClassIdentifier: 
  whatIsWall:
    serializedVersion: 2
    m_Bits: 1024
  whatIsGround:
    serializedVersion: 2
    m_Bits: 1024
  wallRunForce: 200
  wallClimbSpeed: 200
  maxWallRunTime: 1.5
  upwardsRunKey: 304
  downwardsRunKey: 306
  wallCheckDistance: 0.7
  minJumpHeight: 2
  orientation: {fileID: 2335402105054405283}
--- !u!114 &2335402105780889371
MonoBehaviour:
  m_ObjectHideFlags: 0
  m_CorrespondingSourceObject: {fileID: 0}
  m_PrefabInstance: {fileID: 0}
  m_PrefabAsset: {fileID: 0}
  m_GameObject: {fileID: 2335402105780889367}
  m_Enabled: 1
  m_EditorHideFlags: 0
  m_Script: {fileID: 11500000, guid: 794113824ceab364ab8b5881d8769d86, type: 3}
  m_Name: 
  m_EditorClassIdentifier: 
  orientation: {fileID: 2335402105054405283}
  playerObj: {fileID: 2335402105103896791}
  maxSlideTime: 0.75
  slideForce: 200
  slideYScale: 0.5
  slideKey: 306
--- !u!114 &2335402105780889372
MonoBehaviour:
  m_ObjectHideFlags: 0
  m_CorrespondingSourceObject: {fileID: 0}
  m_PrefabInstance: {fileID: 0}
  m_PrefabAsset: {fileID: 0}
  m_GameObject: {fileID: 2335402105780889367}
  m_Enabled: 1
  m_EditorHideFlags: 0
  m_Script: {fileID: 11500000, guid: 62899f850307741f2a39c98a8b639597, type: 3}
  m_Name: 
  m_EditorClassIdentifier: 
  m_Actions: {fileID: -944628639613478452, guid: 892c198e0eef3a6409ea5dbc442b7dee, type: 3}
  m_NotificationBehavior: 2
  m_UIInputModule: {fileID: 0}
  m_DeviceLostEvent:
    m_PersistentCalls:
      m_Calls: []
  m_DeviceRegainedEvent:
    m_PersistentCalls:
      m_Calls: []
  m_ControlsChangedEvent:
    m_PersistentCalls:
      m_Calls: []
  m_ActionEvents:
  - m_PersistentCalls:
      m_Calls:
      - m_Target: {fileID: 2335402105780889375}
        m_TargetAssemblyTypeName: PCPlayerMovement, Assembly-CSharp
        m_MethodName: GetMovementInput
        m_Mode: 0
        m_Arguments:
          m_ObjectArgument: {fileID: 0}
          m_ObjectArgumentAssemblyTypeName: UnityEngine.Object, UnityEngine
          m_IntArgument: 0
          m_FloatArgument: 0
          m_StringArgument: 
          m_BoolArgument: 0
        m_CallState: 2
    m_ActionId: d9dd5234-2c01-42e1-8353-ea10dc1cae5e
    m_ActionName: Default/Movement[/Keyboard/w,/Keyboard/s,/Keyboard/a,/Keyboard/d]
  - m_PersistentCalls:
      m_Calls: []
    m_ActionId: f975d3f8-456a-483f-b65e-a709855ebb63
    m_ActionName: Default/Jump[/Keyboard/space]
  - m_PersistentCalls:
      m_Calls: []
    m_ActionId: 19715d61-8eec-4816-b4a5-cf9860583a0f
    m_ActionName: Default/Look[/Mouse/delta]
  m_NeverAutoSwitchControlSchemes: 0
  m_DefaultControlScheme: Keyboard&Mouse
  m_DefaultActionMap: Default
  m_SplitScreenIndex: -1
  m_Camera: {fileID: 0}
